% Encoding: GBK

@article{Matsumoto_PRB2014,
  title = {Thermal Hall effect of magnons in magnets with dipolar interaction},
  author = {Matsumoto, Ryo and Shindou, Ryuichi and Murakami, Shuichi},
  journal = {Phys. Rev. B},
  volume = {89},
  issue = {5},
  pages = {054420},
  numpages = {12},
  year = {2014},
  month = {Feb},
  publisher = {American Physical Society},
  doi = {10.1103/PhysRevB.89.054420},
  url = {https://link.aps.org/doi/10.1103/PhysRevB.89.054420}
}

@Article{gap,
journal ={
Physically, the projection onto the lower electron band does not apply in this case, but here it is just for an illustration of the numerical check for the existence of in-gap magnon states},}

@Article{Tasaki_PRL1992,
  author    = {Hal Tasaki},
  title     = {Ferromagnetism in the Hubbard models with degenerate single-electron ground states},
  journal   = {Phys. Rev. Lett.},
  year      = {1992},
  volume    = {69},
  number    = {10},
  month     = {sep},
  pages     = {1608},
  doi       = {10.1103/physrevlett.69.1608},
  url       = {https://journals.aps.org/prl/abstract/10.1103/PhysRevLett.69.1608},
  groups    = {Ѳ��������},
  publisher = {American Physical Society ({APS})},
}

@Electronic{EP_OL2019,
  author = {ά���ٿ�},
  title  = {Elementary particle},
  year   = {2019},
  url    = {https://en.wikipedia.org/wiki/Elementary_particle},
  groups = {�����ļ�},
}

@Book{Fehske_B2008,
  author    = {H. Fehske and R. Schneider and A. Wei$\mathbf{\beta}$e},
  title     = {Computational Many-Particle Physics},
  year      = {2008},
  editor    = {H. Fehske and R. Schneider and A. Wei{\ss}e},
  publisher = {Springer Berlin Heidelberg},
  doi       = {10.1007/978-3-540-74686-7},
  url       = {https://link.springer.com/book/10.1007%2F978-3-540-74686-7},
  groups    = {���㷽��������},
}

@Book{Avella_B2013,
  author    = {A. Avella and F. Mancini},
  title     = {Strongly Correlated Systems},
  year      = {2013},
  editor    = {Adolfo Avella and Ferdinando Mancini},
  publisher = {Springer Berlin Heidelberg},
  doi       = {10.1007/978-3-642-35106-8},
  url       = {https://www.springer.com/cn/book/9783642351051#aboutBook},
  groups    = {���㷽��������},
}

@Article{Tsui_PRL1982,
  author    = {D. C. Tsui and H. L. Stormer and A. C. Gossard},
  title     = {Two-Dimensional Magnetotransport in the Extreme Quantum Limit},
  journal   = {Phys. Rev. Lett.},
  year      = {1982},
  volume    = {48},
  number    = {22},
  month     = {may},
  pages     = {1559--1562},
  doi       = {10.1103/physrevlett.48.1559},
  url       = {https://journals.aps.org/prl/abstract/10.1103/PhysRevLett.48.1559},
  groups    = {������̬���������ӻ���ЧӦ},
  publisher = {American Physical Society ({APS})},
}

@Article{Laughlin_PRL1983,
  author    = {R. B. Laughlin},
  title     = {Anomalous Quantum Hall Effect: An Incompressible Quantum Fluid with Fractionally Charged Excitations},
  journal   = {Phys. Rev. Lett.},
  year      = {1983},
  volume    = {50},
  number    = {18},
  month     = {may},
  pages     = {1395--1398},
  doi       = {10.1103/physrevlett.50.1395},
  url       = {https://journals.aps.org/prl/abstract/10.1103/PhysRevLett.50.1395},
  groups    = {������̬���������ӻ���ЧӦ},
  publisher = {American Physical Society ({APS})},
}

@Article{Regnault_PRX2011,
  author    = {N. Regnault and B. Andrei Bernevig},
  title     = {Fractional Chern Insulator},
  journal   = {Phys. Rev. X},
  year      = {2011},
  volume    = {1},
  number    = {2},
  month     = {dec},
  pages     = {021014},
  doi       = {10.1103/physrevx.1.021014},
  url       = {https://journals.aps.org/prx/abstract/10.1103/PhysRevX.1.021014},
  groups    = {������̬�������¾�Ե��},
  publisher = {American Physical Society ({APS})},
}

@Article{Neupert_PRL2011,
  author    = {Titus Neupert and Luiz Santos and Claudio Chamon and Christopher Mudry},
  title     = {Fractional Quantum Hall States at Zero Magnetic Field},
  journal   = {Phys. Rev. Lett.},
  year      = {2011},
  volume    = {106},
  number    = {23},
  month     = {jun},
  pages     = {236804},
  doi       = {10.1103/physrevlett.106.236804},
  url       = {https://journals.aps.org/prl/abstract/10.1103/PhysRevLett.106.236804},
  groups    = {������̬�������¾�Ե��},
  publisher = {American Physical Society ({APS})},
}

@Article{Neupert_PRB2011,
  author    = {Titus Neupert and Luiz Santos and Shinsei Ryu and Claudio Chamon and Christopher Mudry},
  title     = {Fractional topological liquids with time-reversal symmetry and their lattice realization},
  journal   = {Phys. Rev. B},
  year      = {2011},
  volume    = {84},
  number    = {16},
  month     = {oct},
  pages     = {165107},
  doi       = {10.1103/physrevb.84.165107},
  url       = {https://journals.aps.org/prb/abstract/10.1103/PhysRevB.84.165107},
  groups    = {������̬�������¾�Ե��},
  publisher = {American Physical Society ({APS})},
}

@Article{Sheng_NC2011,
  author    = {D.N. Sheng and Zheng-Cheng Gu and Kai Sun and L. Sheng},
  title     = {Fractional quantum Hall effect in the absence of Landau levels},
  journal   = {Nat. Commun.},
  year      = {2011},
  volume    = {2},
  number    = {1},
  month     = {jul},
  pages     = {389},
  doi       = {10.1038/ncomms1380},
  url       = {https://www.nature.com/articles/ncomms1380},
  groups    = {������̬�������¾�Ե��},
  publisher = {Springer Science and Business Media {LLC}},
}

@Article{Wang_PRL2011,
  author    = {Yi-Fei Wang and Zheng-Cheng Gu and Chang-De Gong and D. N. Sheng},
  title     = {Fractional Quantum Hall Effect of Hard-Core Bosons in Topological Flat Bands},
  journal   = {Phys. Rev. Lett.},
  year      = {2011},
  volume    = {107},
  number    = {14},
  month     = {sep},
  pages     = {146803},
  doi       = {10.1103/physrevlett.107.146803},
  url       = {https://journals.aps.org/prl/abstract/10.1103/PhysRevLett.107.146803},
  groups    = {������̬�������¾�Ե��},
  publisher = {American Physical Society ({APS})},
}

@Article{Tang_PRL2011,
  author    = {Evelyn Tang and Jia-Wei Mei and Xiao-Gang Wen},
  title     = {High-Temperature Fractional Quantum Hall States},
  journal   = {Phys. Rev. Lett.},
  year      = {2011},
  volume    = {106},
  number    = {23},
  month     = {jun},
  pages     = {236802},
  doi       = {10.1103/physrevlett.106.236802},
  url       = {https://journals.aps.org/prl/abstract/10.1103/PhysRevLett.106.236802},
  groups    = {������̬�������¾�Ե��},
  publisher = {American Physical Society ({APS})},
}

@Article{Neupert_PRL2012,
  author    = {Titus Neupert and Luiz Santos and Shinsei Ryu and Claudio Chamon and Christopher Mudry},
  title     = {Topological Hubbard Model and Its High-Temperature Quantum Hall Effect},
  journal   = {Phys. Rev. Lett.},
  year      = {2012},
  volume    = {108},
  number    = {4},
  month     = {jan},
  pages     = {046806},
  doi       = {10.1103/physrevlett.108.046806},
  url       = {https://journals.aps.org/prl/abstract/10.1103/PhysRevLett.108.046806},
  groups    = {Ѳ��������},
  publisher = {American Physical Society ({APS})},
}

@Article{Su_PRB2019,
  author    = {Xiao-Fei Su and Zhao-Long Gu and Zhao-Yang Dong and Shun-Li Yu and Jian-Xin Li},
  title     = {Ferromagnetism and spin excitations in topological Hubbard models with a flat band},
  journal   = {Phys. Rev. B},
  year      = {2019},
  volume    = {99},
  number    = {1},
  month     = {jan},
  pages     = {014407},
  doi       = {10.1103/physrevb.99.014407},
  url       = {https://journals.aps.org/prb/abstract/10.1103/PhysRevB.99.014407},
  groups    = {Ѳ��������, �ҵ�����},
  publisher = {American Physical Society ({APS})},
}

@Article{Su_PRB2018,
  author    = {Xiao-Fei Su and Zhao-Long Gu and Zhao-Yang Dong and Jian-Xin Li},
  title     = {Topological magnons in a one-dimensional itinerant flatband ferromagnet},
  journal   = {Phys. Rev. B},
  year      = {2018},
  volume    = {97},
  number    = {24},
  month     = {jun},
  pages     = {245111},
  doi       = {10.1103/physrevb.97.245111},
  url       = {https://doi.org/10.1103/PhysRevB.97.245111},
  groups    = {Ѳ��������, �ҵ�����},
  publisher = {American Physical Society ({APS})},
}

@Article{Lanczos_JRNBS1950,
  author    = {C. Lanczos},
  title     = {An iteration method for the solution of the eigenvalue problem of linear differential and integral operators},
  journal   = {J. Res. Nat. Bur. Stand.},
  year      = {1950},
  volume    = {45},
  number    = {4},
  month     = {oct},
  pages     = {255},
  doi       = {10.6028/jres.045.026},
  url       = {https://nvlpubs.nist.gov/nistpubs/jres/045/jresv45n4p255_A1b.pdf},
  groups    = {���㷽�����ϸ�Խǻ�},
  publisher = {National Institute of Standards and Technology ({NIST})},
}

@Electronic{KS_OL2019,
  author = {ά���ٿ�},
  title  = {Krylov subspace},
  year   = {2019},
  url    = {https://en.wikipedia.org/wiki/Krylov_subspace},
  groups = {���㷽�����ϸ�Խǻ�},
}

@Book{Golub_B2013,
  author    = {Golub, Gene H.},
  title     = {Matrix Computations},
  year      = {2013},
  date      = {2013-01-07},
  publisher = {J. Hopkins Uni. Press},
  isbn      = {1421407949},
  url       = {https://www.ebook.de/de/product/20241149/gene_h_golub_matrix_computations.html},
  ean       = {9781421407944},
  groups    = {���㷽�����ϸ�Խǻ�},
}

@Article{Calvetti_ETNA1994,
  author  = {D. Calvetti and L. Reichel and D. C. Sorensen},
  title   = {An implicitly restarted Lanczos method for large symmetric eigenvalue problems},
  journal = {ETNA},
  year    = {1994},
  volume  = {2},
  pages   = {1-21},
  url     = {http://emis.ams.org/journals/ETNA/vol.2.1994/pp1-21.dir/pp1-21.pdf},
  groups  = {���㷽�����ϸ�Խǻ�},
}

@Article{Parlett_MC1979,
  author    = {B. N. Parlett and D. S. Scott},
  title     = {The Lanczos algorithm with selective orthogonalization},
  journal   = {Math. Comput.},
  year      = {1979},
  volume    = {33},
  number    = {145},
  month     = {jan},
  pages     = {217--238},
  doi       = {10.1090/s0025-5718-1979-0514820-3},
  url       = {https://www.ams.org/journals/mcom/1979-33-145/S0025-5718-1979-0514820-3/S0025-5718-1979-0514820-3.pdf},
  groups    = {���㷽�����ϸ�Խǻ�},
  publisher = {American Mathematical Society ({AMS})},
}

@Electronic{Lehoucq_OL1996,
  author = {Rich Lehoucq and Kristi Maschhoff and Danny Sorensen and Chao Yang},
  title  = {ARPACK},
  year   = {1996},
  url    = {https://www.caam.rice.edu/software/ARPACK/},
  groups = {���㷽�����ϸ�Խǻ�},
}

@Book{Lehoucq_B1998,
  author    = {Richard B. Lehoucq and Danny C. Sorensen and C. Yang},
  title     = {Arpack User's Guide: Solution of Large-Scale Eigenvalue Problems With Implicityly Restorted Arnoldi Methods (Software, Environments, Tools)},
  year      = {1998},
  publisher = {Society for Industrial \& Applied},
  isbn      = {978-0-89871-407-4},
  url       = {https://www.amazon.com/Arpack-Users-Guide-Large-Scale-Environments/dp/0898714079?SubscriptionId=AKIAIOBINVZYXZQZ2U3A&tag=chimbori05-20&linkCode=xm2&camp=2025&creative=165953&creativeASIN=0898714079},
  groups    = {���㷽�����ϸ�Խǻ�},
}

@Thesis{Leong_T2014,
  author      = {�����},
  title       = {����ǿ����ϵͳ������ЧӦ�������о�},
  type        = {��ʿ����},
  institution = {�Ͼ���ѧ},
  year        = {2014},
  url         = {http://cdmd.cnki.com.cn/Article/CDMD-10284-1015313154.htm},
  groups      = {���㷽�������Ӽ��ŷ���},
}

@Article{Pairault_PRL1998,
  author    = {St{\'{e}}phane Pairault and David S{\'{e}}n{\'{e}}chal and A.-M. S. Tremblay},
  title     = {Strong-Coupling Expansion for the Hubbard Model},
  journal   = {Phys. Rev. Lett.},
  year      = {1998},
  volume    = {80},
  number    = {24},
  month     = {jun},
  pages     = {5389--5392},
  doi       = {10.1103/physrevlett.80.5389},
  url       = {https://journals.aps.org/prl/abstract/10.1103/PhysRevLett.80.5389},
  groups    = {���㷽�������Ӽ��ŷ���},
  publisher = {American Physical Society ({APS})},
}

@Article{Pairault_EPJB2000,
  author    = {S. Pairault and D. S{\'{e}}n{\'{e}}chal and A.-M.S. Tremblay},
  title     = {Strong-coupling perturbation theory of the Hubbard model},
  journal   = {Eur. Phys. J. B},
  year      = {2000},
  volume    = {16},
  number    = {1},
  month     = {jun},
  pages     = {85--105},
  doi       = {10.1007/s100510070253},
  url       = {https://link.springer.com/article/10.1007%2Fs100510070253},
  groups    = {���㷽�������Ӽ��ŷ���},
  publisher = {Springer Nature},
}

@Article{Hasan_RMP2010,
  author    = {M. Z. Hasan and C. L. Kane},
  title     = {Colloquium: Topological insulators},
  journal   = {Rev. Mod. Phys.},
  year      = {2010},
  volume    = {82},
  number    = {4},
  month     = {nov},
  pages     = {3045--3067},
  doi       = {10.1103/revmodphys.82.3045},
  url       = {https://journals.aps.org/rmp/abstract/10.1103/RevModPhys.82.3045},
  groups    = {������̬������},
  publisher = {American Physical Society ({APS})},
}

@Article{Qi_RMP2011,
  author    = {Xiao-Liang Qi and Shou-Cheng Zhang},
  title     = {Topological insulators and superconductors},
  journal   = {Rev. Mod. Phys.},
  year      = {2011},
  volume    = {83},
  number    = {4},
  month     = {oct},
  pages     = {1057--1110},
  doi       = {10.1103/revmodphys.83.1057},
  url       = {https://journals.aps.org/rmp/abstract/10.1103/RevModPhys.83.1057},
  groups    = {������̬������},
  publisher = {American Physical Society ({APS})},
}

@Article{Wang_PRX2012,
  author    = {Zhong Wang and Shou-Cheng Zhang},
  title     = {Simplified Topological Invariants for Interacting Insulators},
  journal   = {Phys. Rev. X},
  year      = {2012},
  volume    = {2},
  number    = {3},
  month     = {aug},
  pages     = {031008},
  doi       = {10.1103/physrevx.2.031008},
  url       = {https://journals.aps.org/prx/abstract/10.1103/PhysRevX.2.031008},
  groups    = {������̬�����˲�����},
  publisher = {American Physical Society ({APS})},
}

@Article{Haldane_PRL1988,
  author    = {F. D. M. Haldane},
  title     = {Model for a Quantum Hall Effect without Landau Levels: Condensed-Matter Realization of the ``Parity Anomaly"},
  journal   = {Phys. Rev. Lett.},
  year      = {1988},
  volume    = {61},
  number    = {18},
  month     = {oct},
  pages     = {2015},
  doi       = {10.1103/physrevlett.61.2015},
  url       = {https://journals.aps.org/prl/abstract/10.1103/PhysRevLett.61.2015},
  groups    = {������̬���¾�Ե��},
  publisher = {American Physical Society ({APS})},
}

@Article{Kitaev_PU2001,
  author    = {A Yu Kitaev},
  title     = {Unpaired Majorana fermions in quantum wires},
  journal   = {Phys. Usp.},
  year      = {2001},
  volume    = {44},
  number    = {10S},
  month     = {oct},
  pages     = {131--136},
  doi       = {10.1070/1063-7869/44/10s/s29},
  url       = {https://iopscience.iop.org/article/10.1070/1063-7869/44/10S/S29/meta},
  groups    = {������̬�����˳�����},
  publisher = {Uspekhi Fizicheskikh Nauk ({UFN}) Journal},
}

@Article{Kane_PRL2005,
  author    = {C. L. Kane and E. J. Mele},
  title     = {Quantum Spin Hall Effect in Graphene},
  journal   = {Phys. Rev. Lett.},
  year      = {2005},
  volume    = {95},
  number    = {22},
  month     = {nov},
  pages     = {226801},
  doi       = {10.1103/physrevlett.95.226801},
  url       = {https://journals.aps.org/prl/abstract/10.1103/PhysRevLett.95.226801},
  groups    = {������̬�����˾�Ե��},
  publisher = {American Physical Society ({APS})},
}

@Article{Bernevig_S2006,
  author    = {B. A. Bernevig and T. L. Hughes and S.-C. Zhang},
  title     = {Quantum Spin Hall Effect and Topological Phase Transition in {HgTe} Quantum Wells},
  journal   = {Science},
  year      = {2006},
  volume    = {314},
  number    = {5806},
  month     = {dec},
  pages     = {1757--1761},
  doi       = {10.1126/science.1133734},
  url       = {https://science.sciencemag.org/content/314/5806/1757},
  groups    = {������̬�����˾�Ե��},
  publisher = {American Association for the Advancement of Science ({AAAS})},
}

@Article{Li_PRB2016,
  author    = {Kai Li and Shun-Li Yu and Zhao-Long Gu and Jian-Xin Li},
  title     = {Phase diagram and topological phases in the triangular lattice Kitaev-Hubbard model},
  journal   = {Phys. Rev. B},
  year      = {2016},
  volume    = {94},
  number    = {12},
  month     = {sep},
  pages     = {125120},
  doi       = {10.1103/physrevb.94.125120},
  url       = {https://journals.aps.org/prb/abstract/10.1103/PhysRevB.94.125120},
  groups    = {����Һ��},
  publisher = {American Physical Society ({APS})},
}

@Article{Liu_NJP2017,
  author    = {Jin-Guo Liu and Zhao-Long Gu and Jian-Xin Li and Qiang-Hua Wang},
  title     = {Local indistinguishability and edge modes revealed by the sub-system fidelity},
  journal   = {New J. Phys.},
  year      = {2017},
  volume    = {19},
  number    = {9},
  month     = {sep},
  pages     = {093017},
  doi       = {10.1088/1367-2630/aa6a4b},
  url       = {https://iopscience.iop.org/article/10.1088/1367-2630/aa6a4b/meta},
  groups    = {�ҵ�����},
  publisher = {{IOP} Publishing},
}

@Article{Qi_PRB2006,
  author    = {Xiao-Liang Qi and Yong-Shi Wu and Shou-Cheng Zhang},
  title     = {General theorem relating the bulk topological number to edge states in two-dimensional insulators},
  journal   = {Phys. Rev. B},
  year      = {2006},
  volume    = {74},
  number    = {4},
  month     = {jul},
  pages     = {045125},
  doi       = {10.1103/physrevb.74.045125},
  url       = {https://journals.aps.org/prb/abstract/10.1103/PhysRevB.74.045125},
  groups    = {������̬�����˲�����},
  publisher = {American Physical Society ({APS})},
}

@Article{Schnyder_PRB2008,
  author    = {Andreas P. Schnyder and Shinsei Ryu and Akira Furusaki and Andreas W. W. Ludwig},
  title     = {Classification of topological insulators and superconductors in three spatial dimensions},
  journal   = {Phys. Rev. B},
  year      = {2008},
  volume    = {78},
  number    = {19},
  month     = {nov},
  pages     = {195125},
  doi       = {10.1103/physrevb.78.195125},
  url       = {https://journals.aps.org/prb/abstract/10.1103/PhysRevB.78.195125},
  groups    = {������̬�����˾�Ե��, ������̬�����˲�����},
  publisher = {American Physical Society ({APS})},
}

@Article{Chiu_RMP2016,
  author    = {Ching-Kai Chiu and Jeffrey C.{\hspace{0.167em}}Y. Teo and Andreas P. Schnyder and Shinsei Ryu},
  title     = {Classification of topological quantum matter with symmetries},
  journal   = {Rev. Mod. Phys.},
  year      = {2016},
  volume    = {88},
  number    = {3},
  month     = {aug},
  pages     = {035005},
  doi       = {10.1103/revmodphys.88.035005},
  url       = {https://journals.aps.org/rmp/abstract/10.1103/RevModPhys.88.035005},
  groups    = {������̬������},
  publisher = {American Physical Society ({APS})},
}

@Article{Hohenadler_JPCM2013,
  author    = {M Hohenadler and F F Assaad},
  title     = {Correlation effects in two-dimensional topological insulators},
  journal   = {J. Phys.: Condens. Matter},
  year      = {2013},
  volume    = {25},
  number    = {14},
  month     = {mar},
  pages     = {143201},
  doi       = {10.1088/0953-8984/25/14/143201},
  url       = {https://iopscience.iop.org/article/10.1088/0953-8984/25/14/143201/meta},
  groups    = {������̬������},
  publisher = {{IOP} Publishing},
}

@Article{Rachel_RPP2018,
  author    = {Stephan Rachel},
  title     = {Interacting topological insulators: a review},
  journal   = {Rep. Prog. Phys.},
  year      = {2018},
  volume    = {81},
  number    = {11},
  month     = {oct},
  pages     = {116501},
  doi       = {10.1088/1361-6633/aad6a6},
  url       = {https://iopscience.iop.org/article/10.1088/1361-6633/aad6a6/meta},
  groups    = {������̬������},
  publisher = {{IOP} Publishing},
}

@Book{Volovik_B2003,
  author    = {Grigory E. Volovik},
  title     = {The Universe in a Helium Droplet},
  year      = {2003},
  publisher = {Oxford University Press},
  doi       = {10.1093/acprof:oso/9780199564842.001.0001},
  url       = {https://www.oxfordscholarship.com/view/10.1093/acprof:oso/9780199564842.001.0001/acprof-9780199564842},
  groups    = {�����ļ�},
  month     = {feb},
}

@Article{Thouless_PRL1982,
  author    = {D. J. Thouless and M. Kohmoto and M. P. Nightingale and M. den Nijs},
  title     = {Quantized Hall Conductance in a Two-Dimensional Periodic Potential},
  journal   = {Phys. Rev. Lett.},
  year      = {1982},
  volume    = {49},
  number    = {6},
  month     = {aug},
  pages     = {405--408},
  doi       = {10.1103/physrevlett.49.405},
  url       = {https://journals.aps.org/prl/abstract/10.1103/PhysRevLett.49.405},
  groups    = {������̬�����˲�����, ������̬���������ӻ���ЧӦ},
  publisher = {American Physical Society ({APS})},
}

@Article{Wang_JPCM2013,
  author    = {Zhong Wang and Binghai Yan},
  title     = {Topological Hamiltonian as an exact tool for topological invariants},
  journal   = {J. Phys.: Condens. Matter},
  year      = {2013},
  volume    = {25},
  number    = {15},
  month     = {mar},
  pages     = {155601},
  doi       = {10.1088/0953-8984/25/15/155601},
  url       = {https://iopscience.iop.org/article/10.1088/0953-8984/25/15/155601/meta},
  groups    = {������̬�����˲�����},
  publisher = {{IOP} Publishing},
}

@Article{Werner_PRB2013,
  author    = {Jan Werner and Fakher F. Assaad},
  title     = {Interaction-driven transition between topological states in a Kondo insulator},
  journal   = {Phys. Rev. B},
  year      = {2013},
  volume    = {88},
  number    = {3},
  month     = {jul},
  pages     = {035113},
  doi       = {10.1103/physrevb.88.035113},
  url       = {https://journals.aps.org/prb/abstract/10.1103/PhysRevB.88.035113},
  groups    = {������̬������},
  publisher = {American Physical Society ({APS})},
}

@Article{Berezinsky_ZETF1972,
  author  = {Berezinsky, VL},
  title   = {Destruction of Long-range Order in One-dimensional and Two-dimensional Systems Possessing a Continuous Symmetry Group. II. Quantum Systems.},
  journal = {Zh. Eksp. Teor. Fiz.},
  year    = {1972},
  volume  = {61},
  pages   = {610},
  groups  = {������̬������},
}

@Article{Lang_PRB2013,
  author    = {Thomas C. Lang and Andrew M. Essin and Victor Gurarie and Stefan Wessel},
  title     = {Z$_2$ topological invariants in two dimensions from quantum Monte Carlo},
  journal   = {Phys. Rev. B},
  year      = {2013},
  volume    = {87},
  number    = {20},
  month     = {may},
  pages     = {205101},
  doi       = {10.1103/physrevb.87.205101},
  url       = {https://journals.aps.org/prb/abstract/10.1103/PhysRevB.87.205101},
  groups    = {������̬�����˾�Ե��},
  publisher = {American Physical Society ({APS})},
}

@Article{Hung_PRB2013,
  author    = {Hsiang-Hsuan Hung and Lei Wang and Zheng-Cheng Gu and Gregory A. Fiete},
  title     = {Topological phase transition in a generalized Kane-Mele-Hubbard model: A combined quantum Monte Carlo and Green's function study},
  journal   = {Phys. Rev. B},
  year      = {2013},
  volume    = {87},
  number    = {12},
  month     = {mar},
  pages     = {121113},
  doi       = {10.1103/physrevb.87.121113},
  url       = {https://journals.aps.org/prb/abstract/10.1103/PhysRevB.87.121113},
  groups    = {������̬�����˾�Ե��},
  publisher = {American Physical Society ({APS})},
}

@Article{Grandi_NJP2015,
  author    = {F Grandi and F Manghi and O Corradini and C M Bertoni and A Bonini},
  title     = {Topological invariants in interacting quantum spin Hall: a cluster perturbation theory approach},
  journal   = {New J. Phys.},
  year      = {2015},
  volume    = {17},
  number    = {2},
  month     = {jan},
  pages     = {023004},
  doi       = {10.1088/1367-2630/17/2/023004},
  url       = {https://iopscience.iop.org/article/10.1088/1367-2630/17/2/023004/meta},
  groups    = {������̬�����˾�Ե��, ������̬�����˲�����},
  publisher = {{IOP} Publishing},
}

@Article{Lu_PRB2018,
  author    = {Xiancong Lu and D. S{\'{e}}n{\'{e}}chal},
  title     = {Parity-mixing superconducting phase in the Rashba-Hubbard model and its topological properties from dynamical mean-field theory},
  journal   = {Phys. Rev. B},
  year      = {2018},
  volume    = {98},
  number    = {24},
  month     = {dec},
  pages     = {245118},
  doi       = {10.1103/physrevb.98.245118},
  url       = {https://journals.aps.org/prb/abstract/10.1103/PhysRevB.98.245118},
  groups    = {���㷽�������Ӽ��ŷ���, ������̬�����˳�����},
  publisher = {American Physical Society ({APS})},
}

@Article{Sbierski_PRB2018,
  author    = {Bjorn Sbierski and Christoph Karrasch},
  title     = {Topological invariants for the Haldane phase of interacting Su-Schrieffer-Heeger chains: Functional renormalization-group approach},
  journal   = {Phys. Rev. B},
  year      = {2018},
  volume    = {98},
  number    = {16},
  month     = {oct},
  pages     = {165101},
  doi       = {10.1103/physrevb.98.165101},
  url       = {https://journals.aps.org/prb/abstract/10.1103/PhysRevB.98.165101},
  groups    = {������̬�����˲�����, ������̬��һά��ϵ},
  publisher = {American Physical Society ({APS})},
}

@Article{Maier_RMP2005,
  author    = {Thomas Maier and Mark Jarrell and Thomas Pruschke and Matthias H. Hettler},
  title     = {Quantum cluster theories},
  journal   = {Rev. Mod. Phys.},
  year      = {2005},
  volume    = {77},
  number    = {3},
  month     = {oct},
  pages     = {1027--1080},
  doi       = {10.1103/revmodphys.77.1027},
  url       = {https://journals.aps.org/rmp/abstract/10.1103/RevModPhys.77.1027},
  groups    = {���㷽�������Ӽ��ŷ���},
  publisher = {American Physical Society ({APS})},
}

@Article{Senechal_arXiv2008,
  author  = {S{\'e}n{\'e}chal, David},
  title   = {An introduction to quantum cluster methods},
  journal = {arXiv:0806.2690},
  year    = {2008},
  url     = {http://arxiv.org/abs/0806.2690},
  groups  = {���㷽�������Ӽ��ŷ���},
}

@Article{Senechal_PRL2000,
  author    = {D. S{\'{e}}n{\'{e}}chal and D. Perez and M. Pioro-Ladri{\`{e}}re},
  title     = {Spectral Weight of the Hubbard Model through Cluster Perturbation Theory},
  journal   = {Phys. Rev. Lett.},
  year      = {2000},
  volume    = {84},
  number    = {3},
  month     = {jan},
  pages     = {522--525},
  doi       = {10.1103/physrevlett.84.522},
  url       = {https://journals.aps.org/prl/abstract/10.1103/PhysRevLett.84.522},
  groups    = {���㷽�������Ӽ��ŷ���},
  publisher = {American Physical Society ({APS})},
}

@Article{Hettler_PRB2000,
  author    = {M. H. Hettler and M. Mukherjee and M. Jarrell and H. R. Krishnamurthy},
  title     = {Dynamical cluster approximation: Nonlocal dynamics of correlated electron systems},
  journal   = {Phys. Rev. B},
  year      = {2000},
  volume    = {61},
  number    = {19},
  month     = {may},
  pages     = {12739--12756},
  doi       = {10.1103/physrevb.61.12739},
  url       = {https://journals.aps.org/prb/abstract/10.1103/PhysRevB.61.12739},
  groups    = {���㷽�������Ӽ��ŷ���},
  publisher = {American Physical Society ({APS})},
}

@Article{Kotliar_PRL2001,
  author    = {Gabriel Kotliar and Sergej Y. Savrasov and Gunnar P{\'{a}}lsson and Giulio Biroli},
  title     = {Cellular Dynamical Mean Field Approach to Strongly Correlated Systems},
  journal   = {Phys. Rev. Lett.},
  year      = {2001},
  volume    = {87},
  number    = {18},
  month     = {oct},
  pages     = {186401},
  doi       = {10.1103/physrevlett.87.186401},
  url       = {https://journals.aps.org/prl/abstract/10.1103/PhysRevLett.87.186401},
  groups    = {���㷽�������Ӽ��ŷ���},
  publisher = {American Physical Society ({APS})},
}

@Article{Potthoff_PRL2003,
  author    = {M. Potthoff and M. Aichhorn and C. Dahnken},
  title     = {Variational Cluster Approach to Correlated Electron Systems in Low Dimensions},
  journal   = {Phys. Rev. Lett.},
  year      = {2003},
  volume    = {91},
  number    = {20},
  month     = {nov},
  pages     = {206402},
  doi       = {10.1103/physrevlett.91.206402},
  url       = {https://journals.aps.org/prl/abstract/10.1103/PhysRevLett.91.206402},
  groups    = {���㷽�������Ӽ��ŷ���},
  publisher = {American Physical Society ({APS})},
}

@Article{Senechal_PRL2004,
  author    = {David S{\'{e}}n{\'{e}}chal and A.-M. S. Tremblay},
  title     = {Hot Spots and Pseudogaps for Hole- and Electron-Doped High-Temperature Superconductors},
  journal   = {Phys. Rev. Lett.},
  year      = {2004},
  volume    = {92},
  number    = {12},
  month     = {mar},
  pages     = {126401},
  doi       = {10.1103/physrevlett.92.126401},
  url       = {https://journals.aps.org/prl/abstract/10.1103/PhysRevLett.92.126401},
  groups    = {���㷽�������Ӽ��ŷ���},
  publisher = {American Physical Society ({APS})},
}

@Article{Sahebsara_PRL2008,
  author    = {Peyman Sahebsara and David S{\'{e}}n{\'{e}}chal},
  title     = {Hubbard Model on the Triangular Lattice: Spiral Order and Spin Liquid},
  journal   = {Phys. Rev. Lett.},
  year      = {2008},
  volume    = {100},
  number    = {13},
  month     = {mar},
  pages     = {136402},
  doi       = {10.1103/physrevlett.100.136402},
  url       = {https://journals.aps.org/prl/abstract/10.1103/PhysRevLett.100.136402},
  groups    = {���㷽�������Ӽ��ŷ���, ����Һ��},
  publisher = {American Physical Society ({APS})},
}

@Article{Balzer_EPL2009,
  author    = {M. Balzer and B. Kyung and D. S{\'{e}}n{\'{e}}chal and A.-M. S. Tremblay and M. Potthoff},
  title     = {First-order Mott transition at zero temperature in two dimensions: Variational plaquette study},
  journal   = {Europhys. Lett.},
  year      = {2009},
  volume    = {85},
  number    = {1},
  month     = {jan},
  pages     = {17002},
  doi       = {10.1209/0295-5075/85/17002},
  url       = {https://iopscience.iop.org/article/10.1209/0295-5075/85/17002/meta},
  groups    = {���㷽�������Ӽ��ŷ���},
  publisher = {{IOP} Publishing},
}

@Article{Kang_PRB2011,
  author    = {Jing Kang and Shun-Li Yu and Tao Xiang and Jian-Xin Li},
  title     = {Pseudogap and Fermi arc in $\ensuremath{\kappa}$-type organic superconductors},
  journal   = {Phys. Rev. B},
  year      = {2011},
  volume    = {84},
  number    = {6},
  month     = {aug},
  pages     = {064520},
  doi       = {10.1103/physrevb.84.064520},
  url       = {https://journals.aps.org/prb/abstract/10.1103/PhysRevB.84.064520},
  groups    = {���㷽�������Ӽ��ŷ���},
  publisher = {American Physical Society ({APS})},
}

@Article{Yu_PRL2011,
  author    = {Shun-Li Yu and X. C. Xie and Jian-Xin Li},
  title     = {Mott Physics and Topological Phase Transition in Correlated Dirac Fermions},
  journal   = {Phys. Rev. Lett.},
  year      = {2011},
  volume    = {107},
  number    = {1},
  month     = {jun},
  pages     = {010401},
  doi       = {10.1103/physrevlett.107.010401},
  url       = {https://journals.aps.org/prl/abstract/10.1103/PhysRevLett.107.010401},
  groups    = {���㷽�������Ӽ��ŷ���, ������̬�����˾�Ե��},
  publisher = {American Physical Society ({APS})},
}

@Article{Wu_PRB2012,
  author    = {Wei Wu and Stephan Rachel and Wu-Ming Liu and Karyn Le Hur},
  title     = {Quantum spin Hall insulators with interactions and lattice anisotropy},
  journal   = {Phys. Rev. B},
  year      = {2012},
  volume    = {85},
  number    = {20},
  month     = {may},
  pages     = {205102},
  doi       = {10.1103/physrevb.85.205102},
  url       = {https://journals.aps.org/prb/abstract/10.1103/PhysRevB.85.205102},
  groups    = {���㷽�������Ӽ��ŷ���, ������̬�����˾�Ե��},
  publisher = {American Physical Society ({APS})},
}

@Article{Yu_PRB2012,
  author    = {Shun-Li Yu and Jian-Xin Li},
  title     = {Chiral superconducting phase and chiral spin-density-wave phase in a Hubbard model on the kagome lattice},
  journal   = {Phys. Rev. B},
  year      = {2012},
  volume    = {85},
  number    = {14},
  month     = {apr},
  pages     = {144402},
  doi       = {10.1103/physrevb.85.144402},
  url       = {https://journals.aps.org/prb/abstract/10.1103/PhysRevB.85.144402},
  groups    = {���㷽�������Ӽ��ŷ���},
  publisher = {American Physical Society ({APS})},
}

@Article{Hassan_PRL2013,
  author    = {S. R. Hassan and David S{\'{e}}n{\'{e}}chal},
  title     = {Absence of Spin Liquid in Nonfrustrated Correlated Systems},
  journal   = {Phys. Rev. Lett.},
  year      = {2013},
  volume    = {110},
  number    = {9},
  month     = {feb},
  pages     = {096402},
  doi       = {10.1103/physrevlett.110.096402},
  url       = {https://journals.aps.org/prl/abstract/10.1103/PhysRevLett.110.096402},
  groups    = {���㷽�������Ӽ��ŷ���, ����Һ��},
  publisher = {American Physical Society ({APS})},
}

@Article{Laubach_PRB2014,
  author    = {Manuel Laubach and Johannes Reuther and Ronny Thomale and Stephan Rachel},
  title     = {Rashba spin-orbit coupling in the Kane-Mele-Hubbard model},
  journal   = {Phys. Rev. B},
  year      = {2014},
  volume    = {90},
  number    = {16},
  month     = {oct},
  pages     = {165136},
  doi       = {10.1103/physrevb.90.165136},
  url       = {https://journals.aps.org/prb/abstract/10.1103/PhysRevB.90.165136},
  groups    = {���㷽�������Ӽ��ŷ���, ������̬�����˾�Ե��},
  publisher = {American Physical Society ({APS})},
}

@Article{Leong_PRB2014,
  author    = {Weng-Hang Leong and Shun-Li Yu and T. Xiang and Jian-Xin Li},
  title     = {Localized in-gap state in a single-electron doped Mott insulator},
  journal   = {Phys. Rev. B},
  year      = {2014},
  volume    = {90},
  number    = {24},
  month     = {dec},
  pages     = {245102},
  doi       = {10.1103/physrevb.90.245102},
  url       = {https://journals.aps.org/prb/abstract/10.1103/PhysRevB.90.245102},
  groups    = {���㷽�������Ӽ��ŷ���},
  publisher = {American Physical Society ({APS})},
}

@Article{Rachel_PRL2015,
  author    = {Stephan Rachel and Manuel Laubach and Johannes Reuther and Ronny Thomale},
  title     = {Quantum Paramagnet in a $pi$ Flux Triangular Lattice Hubbard Model},
  journal   = {Phys. Rev. Lett.},
  year      = {2015},
  volume    = {114},
  number    = {16},
  month     = {apr},
  pages     = {167201},
  doi       = {10.1103/physrevlett.114.167201},
  url       = {https://journals.aps.org/prl/abstract/10.1103/PhysRevLett.114.167201},
  groups    = {���㷽�������Ӽ��ŷ���, ����Һ��},
  publisher = {American Physical Society ({APS})},
}

@Article{Koller_JPCM2006,
  author    = {W Koller and N Dupuis},
  title     = {Variational cluster perturbation theory for Bose{\textendash}Hubbard models},
  journal   = {J. Phys.: Condens. Matter},
  year      = {2006},
  volume    = {18},
  number    = {41},
  month     = {sep},
  pages     = {9525--9540},
  doi       = {10.1088/0953-8984/18/41/019},
  url       = {https://iopscience.iop.org/article/10.1088/0953-8984/18/41/019/meta},
  groups    = {���㷽�������Ӽ��ŷ���},
  publisher = {{IOP} Publishing},
}

@Article{Knap_PRB2011,
  author    = {Michael Knap and Enrico Arrigoni and Wolfgang von der Linden},
  title     = {Variational cluster approach for strongly correlated lattice bosons in the superfluid phase},
  journal   = {Phys. Rev. B},
  year      = {2011},
  volume    = {83},
  number    = {13},
  month     = {apr},
  pages     = {134507},
  doi       = {10.1103/physrevb.83.134507},
  url       = {https://journals.aps.org/prb/abstract/10.1103/PhysRevB.83.134507},
  groups    = {���㷽�������Ӽ��ŷ���},
  publisher = {American Physical Society ({APS})},
}

@Article{Yu_PRB2018,
  author    = {Shun-Li Yu and Wei Wang and Zhao-Yang Dong and Zi-Jian Yao and Jian-Xin Li},
  title     = {Deconfinement of spinons in frustrated spin systems: Spectral perspective},
  journal   = {Phys. Rev. B},
  year      = {2018},
  volume    = {98},
  number    = {13},
  month     = {oct},
  pages     = {134410},
  doi       = {10.1103/physrevb.98.134410},
  url       = {https://journals.aps.org/prb/abstract/10.1103/PhysRevB.98.134410},
  groups    = {���㷽�������Ӽ��ŷ���},
  publisher = {American Physical Society ({APS})},
}

@Article{Potthoff_EPJB2003,
  author    = {M. Potthoff},
  title     = {Self-energy-functional approach to systems of correlated electrons},
  journal   = {Eur. Phys. J. B},
  year      = {2003},
  volume    = {32},
  number    = {4},
  month     = {apr},
  pages     = {429--436},
  doi       = {10.1140/epjb/e2003-00121-8},
  url       = {https://link.springer.com/article/10.1140/epjb/e2003-00121-8},
  groups    = {���㷽�������Ӽ��ŷ���},
  publisher = {Springer Nature},
}

@Article{Wu_PRB2016,
  author    = {Jingxiang Wu and Jean Paul Latyr Faye and David S{\'{e}}n{\'{e}}chal and Joseph Maciejko},
  title     = {Quantum cluster approach to the spinful Haldane-Hubbard model},
  journal   = {Phys. Rev. B},
  year      = {2016},
  volume    = {93},
  number    = {7},
  month     = {feb},
  pages     = {075131},
  doi       = {10.1103/physrevb.93.075131},
  url       = {https://journals.aps.org/prb/abstract/10.1103/PhysRevB.93.075131},
  groups    = {���㷽�������Ӽ��ŷ���, ������̬���¾�Ե��},
  publisher = {American Physical Society ({APS})},
}

@Article{He_PRB2011b,
  author    = {Jing He and Yan-Hua Zong and Su-Peng Kou and Ying Liang and Shiping Feng},
  title     = {Topological spin density waves in the Hubbard model on a honeycomb lattice},
  journal   = {Phys. Rev. B},
  year      = {2011},
  volume    = {84},
  number    = {3},
  month     = {jul},
  pages     = {035127},
  doi       = {10.1103/physrevb.84.035127},
  url       = {https://journals.aps.org/prb/abstract/10.1103/PhysRevB.84.035127},
  groups    = {������̬���¾�Ե��},
  publisher = {American Physical Society ({APS})},
}

@Article{He_PRB2011a,
  author    = {Jing He and Su-Peng Kou and Ying Liang and Shiping Feng},
  title     = {Chiral spin liquid in a correlated topological insulator},
  journal   = {Phys. Rev. B},
  year      = {2011},
  volume    = {83},
  number    = {20},
  month     = {may},
  pages     = {205116},
  doi       = {10.1103/physrevb.83.205116},
  url       = {https://journals.aps.org/prb/abstract/10.1103/PhysRevB.83.205116},
  groups    = {������̬���¾�Ե��},
  publisher = {American Physical Society ({APS})},
}

@Article{Maciejko_PRB2013,
  author    = {Joseph Maciejko and Andreas R��egg},
  title     = {Topological order in a correlated Chern insulator},
  journal   = {Phys. Rev. B},
  year      = {2013},
  volume    = {88},
  number    = {24},
  month     = {dec},
  pages     = {241101},
  doi       = {10.1103/physrevb.88.241101},
  url       = {https://journals.aps.org/prb/abstract/10.1103/PhysRevB.88.241101},
  groups    = {������̬���¾�Ե��},
  publisher = {American Physical Society ({APS})},
}

@Article{Hickey_PRB2015,
  author    = {C. Hickey and P. Rath and A. Paramekanti},
  title     = {Competing chiral orders in the topological Haldane-Hubbard model of spin-1/2 fermions and bosons},
  journal   = {Phys. Rev. B},
  year      = {2015},
  volume    = {91},
  number    = {13},
  month     = {apr},
  pages     = {134414},
  doi       = {10.1103/physrevb.91.134414},
  url       = {https://journals.aps.org/prb/abstract/10.1103/PhysRevB.91.134414},
  groups    = {������̬���¾�Ե��},
  publisher = {American Physical Society ({APS})},
}

@Article{Zheng_PRB2015,
  author    = {Wei Zheng and Huitao Shen and Zhong Wang and Hui Zhai},
  title     = {Magnetic-order-driven topological transition in the Haldane-Hubbard model},
  journal   = {Phys. Rev. B},
  year      = {2015},
  volume    = {91},
  number    = {16},
  month     = {apr},
  pages     = {161107},
  doi       = {10.1103/physrevb.91.161107},
  url       = {https://journals.aps.org/prb/abstract/10.1103/PhysRevB.91.161107},
  groups    = {������̬���¾�Ե��},
  publisher = {American Physical Society ({APS})},
}

@Article{Hickey_PRL2016,
  author    = {Ciar{\'{a}}n Hickey and Lukasz Cincio and Zlatko Papi{\'{c}} and Arun Paramekanti},
  title     = {Haldane-Hubbard Mott Insulator: From Tetrahedral Spin Crystal to Chiral Spin Liquid},
  journal   = {Phys. Rev. Lett.},
  year      = {2016},
  volume    = {116},
  number    = {13},
  month     = {apr},
  pages     = {137202},
  doi       = {10.1103/physrevlett.116.137202},
  url       = {https://journals.aps.org/prl/abstract/10.1103/PhysRevLett.116.137202},
  groups    = {������̬���¾�Ե��},
  publisher = {American Physical Society ({APS})},
}

@Article{Vanhala_PRL2016,
  author    = {Tuomas I. Vanhala and Topi Siro and Long Liang and Matthias Troyer and Ari Harju and Paivi Torma},
  title     = {Topological Phase Transitions in the Repulsively Interacting Haldane-Hubbard Model},
  journal   = {Phys. Rev. Lett.},
  year      = {2016},
  volume    = {116},
  number    = {22},
  month     = {jun},
  pages     = {225305},
  doi       = {10.1103/physrevlett.116.225305},
  url       = {https://journals.aps.org/prl/abstract/10.1103/PhysRevLett.116.225305},
  groups    = {������̬���¾�Ե��},
  publisher = {American Physical Society ({APS})},
}

@Article{Imriska_PRB2016,
  author    = {Jakub Imri{\v{s}}ka and Lei Wang and Matthias Troyer},
  title     = {First-order topological phase transition of the Haldane-Hubbard model},
  journal   = {Phys. Rev. B},
  year      = {2016},
  volume    = {94},
  number    = {3},
  month     = {jul},
  pages     = {035109},
  doi       = {10.1103/physrevb.94.035109},
  url       = {https://journals.aps.org/prb/abstract/10.1103/PhysRevB.94.035109},
  groups    = {������̬���¾�Ե��},
  publisher = {American Physical Society ({APS})},
}

@Article{Arun_PRB2016,
  author    = {V. S. Arun and R. Sohal and C. Hickey and A. Paramekanti},
  title     = {Mean field study of the topological Haldane-Hubbard model of spin-1/2 fermions},
  journal   = {Phys. Rev. B},
  year      = {2016},
  volume    = {93},
  number    = {11},
  month     = {mar},
  pages     = {115110},
  doi       = {10.1103/physrevb.93.115110},
  url       = {https://journals.aps.org/prb/abstract/10.1103/PhysRevB.93.115110},
  groups    = {������̬���¾�Ե��},
  publisher = {American Physical Society ({APS})},
}

@Article{Giuliani_PRB2016,
  author    = {Alessandro Giuliani and Ian Jauslin and Vieri Mastropietro and Marcello Porta},
  title     = {Topological phase transitions and universality in the Haldane-Hubbard model},
  journal   = {Phys. Rev. B},
  year      = {2016},
  volume    = {94},
  number    = {20},
  month     = {nov},
  pages     = {205139},
  doi       = {10.1103/physrevb.94.205139},
  url       = {https://journals.aps.org/prb/abstract/10.1103/PhysRevB.94.205139},
  groups    = {������̬���¾�Ե��},
  publisher = {American Physical Society ({APS})},
}

@Article{Garcia_NJP2018,
  author    = {A Rubio-Garc{\'{\i}}a and J J Garc{\'{\i}}a-Ripoll},
  title     = {Topological phases in the Haldane model with spin{\textendash}spin on-site interactions},
  journal   = {New J. Phys.},
  year      = {2018},
  volume    = {20},
  number    = {4},
  month     = {apr},
  pages     = {043033},
  doi       = {10.1088/1367-2630/aabb1a},
  url       = {https://iopscience.iop.org/article/10.1088/1367-2630/aabb1a/meta},
  groups    = {������̬���¾�Ե��},
  publisher = {{IOP} Publishing},
}

@Article{Le_PB2018,
  author    = {Duc-Anh Le and Minh-Tien Tran and Thi-Thanh-Mai Tran and Thi-Thao Nguyen and Thi-Huong Nguyen and Anh-Tuan Hoang},
  title     = {Phase transitions in the Haldane-Hubbard model within coherent potential approximation},
  journal   = {Physica B},
  year      = {2018},
  volume    = {532},
  month     = {mar},
  pages     = {139--143},
  doi       = {10.1016/j.physb.2017.06.084},
  url       = {https://www.sciencedirect.com/science/article/pii/S092145261730385X?via%3Dihub},
  groups    = {������̬���¾�Ե��},
  publisher = {Elsevier {BV}},
}

@Article{Gurarie_PRB2011,
  author    = {V. Gurarie},
  title     = {Single-particle Green's functions and interacting topological insulators},
  journal   = {Phys. Rev. B},
  year      = {2011},
  volume    = {83},
  number    = {8},
  month     = {feb},
  pages     = {085426},
  doi       = {10.1103/physrevb.83.085426},
  url       = {https://journals.aps.org/prb/abstract/10.1103/PhysRevB.83.085426},
  groups    = {������̬�����˲�����},
  publisher = {American Physical Society ({APS})},
}

@Article{Essin_PRB2011,
  author    = {Andrew M. Essin and Victor Gurarie},
  title     = {Bulk-boundary correspondence of topological insulators from their respective Green's functions},
  journal   = {Phys. Rev. B},
  year      = {2011},
  volume    = {84},
  number    = {12},
  month     = {sep},
  pages     = {125132},
  doi       = {10.1103/physrevb.84.125132},
  url       = {https://journals.aps.org/prb/abstract/10.1103/PhysRevB.84.125132},
  groups    = {������̬�����˲�����},
  publisher = {American Physical Society ({APS})},
}

@Article{Budich_PRB2013,
  author    = {Jan Carl Budich and Bjorn Trauzettel and Giorgio Sangiovanni},
  title     = {Fluctuation-driven topological Hund insulators},
  journal   = {Phys. Rev. B},
  year      = {2013},
  volume    = {87},
  number    = {23},
  month     = {jun},
  pages     = {235104},
  doi       = {10.1103/physrevb.87.235104},
  url       = {https://journals.aps.org/prb/abstract/10.1103/PhysRevB.87.235104},
  groups    = {������̬������},
  publisher = {American Physical Society ({APS})},
}

@Article{Amaricci_PRL2015,
  author    = {A. Amaricci and J. C. Budich and M. Capone and B. Trauzettel and G. Sangiovanni},
  title     = {First-Order Character and Observable Signatures of Topological Quantum Phase Transitions},
  journal   = {Phys. Rev. Lett.},
  year      = {2015},
  volume    = {114},
  number    = {18},
  month     = {may},
  pages     = {185701},
  doi       = {10.1103/physrevlett.114.185701},
  url       = {https://journals.aps.org/prl/abstract/10.1103/PhysRevLett.114.185701},
  groups    = {������̬������},
  publisher = {American Physical Society ({APS})},
}

@Article{Budich_PRB2012,
  author    = {Jan Carl Budich and Ronny Thomale and Gang Li and Manuel Laubach and Shou-Cheng Zhang},
  title     = {Fluctuation-induced topological quantum phase transitions in quantum spin-Hall and anomalous-Hall insulators},
  journal   = {Phys. Rev. B},
  year      = {2012},
  volume    = {86},
  number    = {20},
  month     = {nov},
  pages     = {201407},
  doi       = {10.1103/physrevb.86.201407},
  url       = {https://journals.aps.org/prb/abstract/10.1103/PhysRevB.86.201407},
  groups    = {������̬���¾�Ե��, ������̬�����˾�Ե��},
  publisher = {American Physical Society ({APS})},
}

@Article{Meng_N2010,
  author    = {Z. Y. Meng and T. C. Lang and S. Wessel and F. F. Assaad and A. Muramatsu},
  title     = {Quantum spin liquid emerging in two-dimensional correlated Dirac fermions},
  journal   = {Nature},
  year      = {2010},
  volume    = {464},
  number    = {7290},
  month     = {apr},
  pages     = {847--851},
  doi       = {10.1038/nature08942},
  url       = {https://www.nature.com/articles/nature08942},
  groups    = {����Һ��},
  publisher = {Springer Science and Business Media {LLC}},
}

@Article{Assaad_PRX2013,
  author    = {Fakher F. Assaad and Igor F. Herbut},
  title     = {Pinning the Order: The Nature of Quantum Criticality in the Hubbard Model on Honeycomb Lattice},
  journal   = {Phys. Rev. X},
  year      = {2013},
  volume    = {3},
  number    = {3},
  month     = {aug},
  pages     = {031010},
  doi       = {10.1103/physrevx.3.031010},
  url       = {https://journals.aps.org/prx/abstract/10.1103/PhysRevX.3.031010},
  groups    = {����Һ��},
  publisher = {American Physical Society ({APS})},
}

@Article{Yoshioka_PRL2009,
  author    = {Takuya Yoshioka and Akihisa Koga and Norio Kawakami},
  title     = {Quantum Phase Transitions in the Hubbard Model on a Triangular Lattice},
  journal   = {Phys. Rev. Lett.},
  year      = {2009},
  volume    = {103},
  number    = {3},
  month     = {jul},
  pages     = {036401},
  doi       = {10.1103/physrevlett.103.036401},
  url       = {https://journals.aps.org/prl/abstract/10.1103/PhysRevLett.103.036401},
  groups    = {����Һ��},
  publisher = {American Physical Society ({APS})},
}

@Article{Jotzu_N2014,
  author    = {Gregor Jotzu and Michael Messer and R{\'{e}}mi Desbuquois and Martin Lebrat and Thomas Uehlinger and Daniel Greif and Tilman Esslinger},
  title     = {Experimental realization of the topological Haldane model with ultracold fermions},
  journal   = {Nature},
  year      = {2014},
  volume    = {515},
  number    = {7526},
  month     = {nov},
  pages     = {237--240},
  doi       = {10.1038/nature13915},
  url       = {https://www.nature.com/articles/nature13915},
  groups    = {������̬���¾�Ե��},
  publisher = {Springer Nature},
}

@Article{Sorella_SR2012,
  author    = {Sandro Sorella and Yuichi Otsuka and Seiji Yunoki},
  title     = {Absence of a Spin Liquid Phase in the Hubbard Model on the Honeycomb Lattice},
  journal   = {Sci. Rep.},
  year      = {2012},
  volume    = {2},
  number    = {1},
  month     = {dec},
  pages     = {992},
  doi       = {10.1038/srep00992},
  url       = {https://www.nature.com/articles/srep00992},
  groups    = {����Һ��},
  publisher = {Springer Science and Business Media {LLC}},
}

@Article{Bansil_RMP2016,
  author    = {A. Bansil and Hsin Lin and Tanmoy Das},
  title     = {Colloquium: Topological band theory},
  journal   = {Rev. Mod. Phys.},
  year      = {2016},
  volume    = {88},
  number    = {2},
  month     = {jun},
  pages     = {021004},
  doi       = {10.1103/revmodphys.88.021004},
  url       = {https://journals.aps.org/rmp/abstract/10.1103/RevModPhys.88.021004},
  groups    = {������̬������},
  publisher = {American Physical Society ({APS})},
}

@Article{Qi_PRL2009,
  author    = {Xiao-Liang Qi and Taylor L. Hughes and S. Raghu and Shou-Cheng Zhang},
  title     = {Time-Reversal-Invariant Topological Superconductors and Superfluids in Two and Three Dimensions},
  journal   = {Phys. Rev. Lett.},
  year      = {2009},
  volume    = {102},
  number    = {18},
  month     = {may},
  pages     = {187001},
  doi       = {10.1103/physrevlett.102.187001},
  url       = {https://journals.aps.org/prl/abstract/10.1103/PhysRevLett.102.187001},
  groups    = {������̬�����˳�����},
  publisher = {American Physical Society ({APS})},
}

@Article{Berry_PRSA1984,
  author    = {M. V. Berry},
  title     = {Quantal Phase Factors Accompanying Adiabatic Changes},
  journal   = {Proc. R. Soc. A},
  year      = {1984},
  volume    = {392},
  number    = {1802},
  month     = {mar},
  pages     = {45--57},
  doi       = {10.1098/rspa.1984.0023},
  url       = {https://royalsocietypublishing.org/doi/abs/10.1098/rspa.1984.0023},
  groups    = {������̬�����˲�����, ������̬���������ӻ���ЧӦ},
  publisher = {The Royal Society},
}

@Article{Simon_PRL1983,
  author    = {Barry Simon},
  title     = {Holonomy, the Quantum Adiabatic Theorem, and Berry's Phase},
  journal   = {Phys. Rev. Lett.},
  year      = {1983},
  volume    = {51},
  number    = {24},
  month     = {dec},
  pages     = {2167--2170},
  doi       = {10.1103/physrevlett.51.2167},
  url       = {https://journals.aps.org/prl/abstract/10.1103/PhysRevLett.51.2167},
  groups    = {������̬�����˲�����, ������̬���������ӻ���ЧӦ},
  publisher = {American Physical Society ({APS})},
}

@Article{Wan_PRB2011,
  author    = {Xiangang Wan and Ari M. Turner and Ashvin Vishwanath and Sergey Y. Savrasov},
  title     = {Topological semimetal and Fermi-arc surface states in the electronic structure of pyrochlore iridates},
  journal   = {Phys. Rev. B},
  year      = {2011},
  volume    = {83},
  number    = {20},
  month     = {may},
  pages     = {205101},
  doi       = {10.1103/physrevb.83.205101},
  url       = {https://journals.aps.org/prb/abstract/10.1103/PhysRevB.83.205101},
  groups    = {������̬�����˰����},
  publisher = {American Physical Society ({APS})},
}

@Article{Lu_NP2014,
  author    = {Ling Lu and John D. Joannopoulos and Marin Solja{\v{c}}i{\'{c}}},
  title     = {Topological photonics},
  journal   = {Nat. Photonics},
  year      = {2014},
  volume    = {8},
  number    = {11},
  month     = {oct},
  pages     = {821--829},
  doi       = {10.1038/nphoton.2014.248},
  url       = {https://www.nature.com/articles/nphoton.2014.248},
  groups    = {������̬������},
  publisher = {Springer Nature},
}

@Article{Prodan_PRL2009,
  author    = {Emil Prodan and Camelia Prodan},
  title     = {Topological Phonon Modes and Their Role in Dynamic Instability of Microtubules},
  journal   = {Phys. Rev. Lett.},
  year      = {2009},
  volume    = {103},
  number    = {24},
  month     = {dec},
  pages     = {248101},
  doi       = {10.1103/physrevlett.103.248101},
  url       = {https://journals.aps.org/prl/abstract/10.1103/PhysRevLett.103.248101},
  groups    = {������̬������},
  publisher = {American Physical Society ({APS})},
}

@Article{Onose_S2010,
  author    = {Y. Onose and T. Ideue and H. Katsura and Y. Shiomi and N. Nagaosa and Y. Tokura},
  title     = {Observation of the Magnon Hall Effect},
  journal   = {Science},
  year      = {2010},
  volume    = {329},
  number    = {5989},
  month     = {jul},
  pages     = {297--299},
  doi       = {10.1126/science.1188260},
  url       = {https://science.sciencemag.org/content/329/5989/297},
  groups    = {������̬�����˴�����},
  publisher = {American Association for the Advancement of Science ({AAAS})},
}

@Article{Zhang_PRB2013,
  author    = {Lifa Zhang and Jie Ren and Jian-Sheng Wang and Baowen Li},
  title     = {Topological magnon insulator in insulating ferromagnet},
  journal   = {Phys. Rev. B},
  year      = {2013},
  volume    = {87},
  number    = {14},
  month     = {apr},
  pages     = {144101},
  doi       = {10.1103/physrevb.87.144101},
  url       = {https://journals.aps.org/prb/abstract/10.1103/PhysRevB.87.144101},
  groups    = {������̬�����˴�����},
  publisher = {American Physical Society ({APS})},
}

@Article{Chisnell_PRL2015,
  author    = {R. Chisnell and J.{\hspace{0.167em}}S. Helton and D.{\hspace{0.167em}}E. Freedman and D.{\hspace{0.167em}}K. Singh and R.{\hspace{0.167em}}I. Bewley and D.{\hspace{0.167em}}G. Nocera and Y.{\hspace{0.167em}}S. Lee},
  title     = {Topological Magnon Bands in a Kagome Lattice Ferromagnet},
  journal   = {Phys. Rev. Lett.},
  year      = {2015},
  volume    = {115},
  number    = {14},
  month     = {sep},
  pages     = {147201},
  doi       = {10.1103/physrevlett.115.147201},
  url       = {https://journals.aps.org/prl/abstract/10.1103/PhysRevLett.115.147201},
  groups    = {������̬�����˴�����},
  publisher = {American Physical Society ({APS})},
}

@Article{Li_NC2016,
  author    = {Fei-Ye Li and Yao-Dong Li and Yong Baek Kim and Leon Balents and Yue Yu and Gang Chen},
  title     = {Weyl magnons in breathing pyrochlore antiferromagnets},
  journal   = {Nat. Commun.},
  year      = {2016},
  volume    = {7},
  number    = {1},
  month     = {sep},
  pages     = {12691},
  doi       = {10.1038/ncomms12691},
  url       = {https://www.nature.com/articles/ncomms12691},
  groups    = {������̬�����˴�����},
  publisher = {Springer Science and Business Media {LLC}},
}

@Article{Mook_PRL2016,
  author    = {Alexander Mook and J��rgen Henk and Ingrid Mertig},
  title     = {Tunable Magnon Weyl Points in Ferromagnetic Pyrochlores},
  journal   = {Phys. Rev. Lett.},
  year      = {2016},
  volume    = {117},
  number    = {15},
  month     = {oct},
  pages     = {157204},
  doi       = {10.1103/physrevlett.117.157204},
  url       = {https://journals.aps.org/prl/abstract/10.1103/PhysRevLett.117.157204},
  groups    = {������̬�����˴�����},
  publisher = {American Physical Society ({APS})},
}

@Article{Owerre_JPCM2016,
  author    = {S A Owerre},
  title     = {A first theoretical realization of honeycomb topological magnon insulator},
  journal   = {J. Phys.: Condens. Matter},
  year      = {2016},
  volume    = {28},
  number    = {38},
  month     = {jul},
  pages     = {386001},
  doi       = {10.1088/0953-8984/28/38/386001},
  url       = {https://iopscience.iop.org/article/10.1088/0953-8984/28/38/386001/meta},
  groups    = {������̬�����˴�����},
  publisher = {{IOP} Publishing},
}

@Article{Molina_NJP2016,
  author    = {A Rold{\'{a}}n-Molina and A S Nunez and J Fern{\'{a}}ndez-Rossier},
  title     = {Topological spin waves in the atomic-scale magnetic skyrmion crystal},
  journal   = {New J. Phys.},
  year      = {2016},
  volume    = {18},
  number    = {4},
  month     = {apr},
  pages     = {045015},
  doi       = {10.1088/1367-2630/18/4/045015},
  url       = {https://iopscience.iop.org/article/10.1088/1367-2630/18/4/045015/meta},
  groups    = {������̬�����˴�����},
  publisher = {{IOP} Publishing},
}

@Article{Malki_PRB2017,
  author    = {M. Malki and K. P. Schmidt},
  title     = {Magnetic Chern bands and triplon Hall effect in an extended Shastry-Sutherland model},
  journal   = {Phys. Rev. B},
  year      = {2017},
  volume    = {95},
  number    = {19},
  month     = {may},
  pages     = {195137},
  doi       = {10.1103/physrevb.95.195137},
  url       = {https://journals.aps.org/prb/abstract/10.1103/PhysRevB.95.195137},
  groups    = {������̬�����˴�����},
  publisher = {American Physical Society ({APS})},
}

@Article{Su_PRB2017,
  author    = {Ying Su and X. S. Wang and X. R. Wang},
  title     = {Magnonic Weyl semimetal and chiral anomaly in pyrochlore ferromagnets},
  journal   = {Phys. Rev. B},
  year      = {2017},
  volume    = {95},
  number    = {22},
  month     = {jun},
  pages     = {224403},
  doi       = {10.1103/physrevb.95.224403},
  url       = {https://journals.aps.org/prb/abstract/10.1103/PhysRevB.95.224403},
  groups    = {������̬�����˴�����},
  publisher = {American Physical Society ({APS})},
}

@Article{Laurell_PRL2017,
  author    = {Pontus Laurell and Gregory A. Fiete},
  title     = {Topological Magnon Bands and Unconventional Superconductivity in Pyrochlore Iridate Thin Films},
  journal   = {Phys. Rev. Lett.},
  year      = {2017},
  volume    = {118},
  number    = {17},
  month     = {apr},
  pages     = {177201},
  doi       = {10.1103/physrevlett.118.177201},
  url       = {https://journals.aps.org/prl/abstract/10.1103/PhysRevLett.118.177201},
  groups    = {������̬�����˴�����},
  publisher = {American Physical Society ({APS})},
}

@Article{McClarty_NP2017,
  author    = {P. A. McClarty and F. Kr��ger and T. Guidi and S. F. Parker and K. Refson and A. W. Parker and D. Prabhakaran and R. Coldea},
  title     = {Topological triplon modes and bound states in a Shastry{\textendash}Sutherland magnet},
  journal   = {Nat. Phys.},
  year      = {2017},
  volume    = {13},
  number    = {8},
  month     = {may},
  pages     = {736--741},
  doi       = {10.1038/nphys4117},
  url       = {https://www.nature.com/articles/nphys4117},
  groups    = {������̬�����˴�����},
  publisher = {Springer Science and Business Media {LLC}},
}

@Article{Mook_PRB2017,
  author    = {Alexander Mook and J��rgen Henk and Ingrid Mertig},
  title     = {Magnon nodal-line semimetals and drumhead surface states in anisotropic pyrochlore ferromagnets},
  journal   = {Phys. Rev. B},
  year      = {2017},
  volume    = {95},
  number    = {1},
  month     = {jan},
  pages     = {014418},
  doi       = {10.1103/physrevb.95.014418},
  url       = {https://journals.aps.org/prb/abstract/10.1103/PhysRevB.95.014418},
  groups    = {������̬�����˴�����},
  publisher = {American Physical Society ({APS})},
}

@Article{Li_PRL2017,
  author    = {Kangkang Li and Chenyuan Li and Jiangping Hu and Yuan Li and Chen Fang},
  title     = {Dirac and Nodal Line Magnons in Three-Dimensional Antiferromagnets},
  journal   = {Phys. Rev. Lett.},
  year      = {2017},
  volume    = {119},
  number    = {24},
  month     = {dec},
  pages     = {247202},
  doi       = {10.1103/physrevlett.119.247202},
  url       = {https://journals.aps.org/prl/abstract/10.1103/PhysRevLett.119.247202},
  groups    = {������̬�����˴�����},
  publisher = {American Physical Society ({APS})},
}

@Article{Yao_NP2018,
  author    = {Weiliang Yao and Chenyuan Li and Lichen Wang and Shangjie Xue and Yang Dan and Kazuki Iida and Kazuya Kamazawa and Kangkang Li and Chen Fang and Yuan Li},
  title     = {Topological spin excitations in a three-dimensional antiferromagnet},
  journal   = {Nat. Phys.},
  year      = {2018},
  volume    = {14},
  number    = {10},
  month     = {jul},
  pages     = {1011--1015},
  doi       = {10.1038/s41567-018-0213-x},
  url       = {https://www.nature.com/articles/s41567-018-0213-x},
  groups    = {������̬�����˴�����},
  publisher = {Springer Nature},
}

@Article{Bao_NC2018,
  author    = {Song Bao and Jinghui Wang and Wei Wang and Zhengwei Cai and Shichao Li and Zhen Ma and Di Wang and Kejing Ran and Zhao-Yang Dong and D. L. Abernathy and Shun-Li Yu and Xiangang Wan and Jian-Xin Li and Jinsheng Wen},
  title     = {Discovery of coexisting Dirac and triply degenerate magnons in a three-dimensional antiferromagnet},
  journal   = {Nat. Commun.},
  year      = {2018},
  volume    = {9},
  number    = {1},
  month     = {jul},
  pages     = {2591},
  doi       = {10.1038/s41467-018-05054-2},
  url       = {https://www.nature.com/articles/s41467-018-05054-2},
  groups    = {������̬�����˴�����},
  publisher = {Springer Nature},
}

@Article{Chumak_NP2015,
  author    = {A. V. Chumak and V.~I. Vasyuchka and A.~A. Serga and B. Hillebrands},
  title     = {Magnon spintronics},
  journal   = {Nat. Phys.},
  year      = {2015},
  volume    = {11},
  number    = {6},
  month     = {jun},
  pages     = {453--461},
  doi       = {10.1038/nphys3347},
  url       = {https://www.nature.com/articles/nphys3347},
  groups    = {������̬�����˴�����},
  publisher = {Springer Science and Business Media {LLC}},
}

@Article{Dzyaloshinsky_JPCS1958,
  author    = {I. Dzyaloshinsky},
  title     = {A thermodynamic theory of "weak" ferromagnetism of antiferromagnetics},
  journal   = {J. Phys. Chem. Solids},
  year      = {1958},
  volume    = {4},
  number    = {4},
  month     = {jan},
  pages     = {241--255},
  doi       = {10.1016/0022-3697(58)90076-3},
  url       = {https://www.sciencedirect.com/science/article/abs/pii/0022369758900763?via%3Dihub},
  groups    = {������̬�����˴�����},
  publisher = {Elsevier {BV}},
}

@Article{Moriya_PR1960,
  author    = {T{\^{o}}ru Moriya},
  title     = {Anisotropic Superexchange Interaction and Weak Ferromagnetism},
  journal   = {Phys. Rev.},
  year      = {1960},
  volume    = {120},
  number    = {1},
  month     = {oct},
  pages     = {91--98},
  doi       = {10.1103/physrev.120.91},
  url       = {https://journals.aps.org/pr/abstract/10.1103/PhysRev.120.91},
  groups    = {������̬�����˴�����},
  publisher = {American Physical Society ({APS})},
}

@Article{Holstein_PR1940,
  author    = {T. Holstein and H. Primakoff},
  title     = {Field Dependence of the Intrinsic Domain Magnetization of a Ferromagnet},
  journal   = {Phys. Rev.},
  year      = {1940},
  volume    = {58},
  number    = {12},
  month     = {dec},
  pages     = {1098--1113},
  doi       = {10.1103/physrev.58.1098},
  url       = {https://journals.aps.org/pr/abstract/10.1103/PhysRev.58.1098},
  groups    = {������̬�����˴�����},
  publisher = {American Physical Society ({APS})},
}

@Article{Katsura_PRL2010,
  author    = {Hosho Katsura and Naoto Nagaosa and Patrick A. Lee},
  title     = {Theory of the Thermal Hall Effect in Quantum Magnets},
  journal   = {Phys. Rev. Lett.},
  year      = {2010},
  volume    = {104},
  number    = {6},
  month     = {feb},
  pages     = {066403},
  doi       = {10.1103/physrevlett.104.066403},
  url       = {https://journals.aps.org/prl/abstract/10.1103/PhysRevLett.104.066403},
  groups    = {������̬�����˴�����},
  publisher = {American Physical Society ({APS})},
}

@Article{Hirschberger_PRL2015,
  author    = {Max Hirschberger and Robin Chisnell and Young S. Lee and N.{\hspace{0.167em}}P. Ong},
  title     = {Thermal Hall Effect of Spin Excitations in a Kagome Magnet},
  journal   = {Phys. Rev. Lett.},
  year      = {2015},
  volume    = {115},
  number    = {10},
  month     = {sep},
  pages     = {106603},
  doi       = {10.1103/physrevlett.115.106603},
  url       = {https://journals.aps.org/prl/abstract/10.1103/PhysRevLett.115.106603},
  groups    = {������̬�����˴�����},
  publisher = {American Physical Society ({APS})},
}

@Article{Mielke_PLA1993,
  author    = {Andreas Mielke},
  title     = {Ferromagnetism in the Hubbard model and Hund's rule},
  journal   = {Phys. Lett. A},
  year      = {1993},
  volume    = {174},
  number    = {5-6},
  month     = {mar},
  pages     = {443--448},
  doi       = {10.1016/0375-9601(93)90207-g},
  url       = {https://www.sciencedirect.com/science/article/abs/pii/037596019390207G?via%3Dihub},
  groups    = {Ѳ��������},
  publisher = {Elsevier {BV}},
}

@Article{Mielke_CMP1993,
  author    = {Andreas Mielke and Hal Tasaki},
  title     = {Ferromagnetism in the Hubbard model},
  journal   = {Commun. Math. Phys.},
  year      = {1993},
  volume    = {158},
  number    = {2},
  month     = {nov},
  pages     = {341--371},
  doi       = {10.1007/bf02108079},
  url       = {https://link.springer.com/article/10.1007%2FBF02108079},
  groups    = {Ѳ��������},
  publisher = {Springer Science and Business Media {LLC}},
}

@Article{Tasaki_PRL1994,
  author    = {Hal Tasaki},
  title     = {Stability of Ferromagnetism in the Hubbard Model},
  journal   = {Phys. Rev. Lett.},
  year      = {1994},
  volume    = {73},
  number    = {8},
  month     = {aug},
  pages     = {1158--1161},
  doi       = {10.1103/physrevlett.73.1158},
  url       = {https://journals.aps.org/prl/abstract/10.1103/PhysRevLett.73.1158},
  groups    = {Ѳ��������},
  publisher = {American Physical Society ({APS})},
}

@Article{Kusakabe_PRL1994,
  author    = {K. Kusakabe and H. Aoki},
  title     = {Ferromagnetic spin-wave theory in the multiband Hubbard model having a flat band},
  journal   = {Phys. Rev. Lett.},
  year      = {1994},
  volume    = {72},
  number    = {1},
  month     = {jan},
  pages     = {144--147},
  doi       = {10.1103/physrevlett.72.144},
  url       = {https://journals.aps.org/prl/abstract/10.1103/PhysRevLett.72.144},
  groups    = {Ѳ��������},
  publisher = {American Physical Society ({APS})},
}

@Article{Doretto_PRB2015,
  author    = {R. L. Doretto and M. O. Goerbig},
  title     = {Flat-band ferromagnetism and spin waves in topological Hubbard models},
  journal   = {Phys. Rev. B},
  year      = {2015},
  volume    = {92},
  number    = {24},
  month     = {dec},
  pages     = {245124},
  doi       = {10.1103/physrevb.92.245124},
  url       = {https://journals.aps.org/prb/abstract/10.1103/PhysRevB.92.245124},
  groups    = {Ѳ��������},
  publisher = {American Physical Society ({APS})},
}

@Article{Tasaki_PTP1998,
  author    = {H. Tasaki},
  title     = {From Nagaoka's Ferromagnetism to Flat-Band Ferromagnetism and Beyond: An Introduction to Ferromagnetism in the Hubbard Model},
  journal   = {Prog. Thoer. Phys.},
  year      = {1998},
  volume    = {99},
  number    = {4},
  month     = {apr},
  pages     = {489--548},
  doi       = {10.1143/ptp.99.489},
  url       = {https://academic.oup.com/ptp/article/99/4/489/1840897},
  groups    = {Ѳ��������},
  publisher = {Oxford University Press ({OUP})},
}

@Article{Lee_RMP2006,
  author    = {Patrick A. Lee and Naoto Nagaosa and Xiao-Gang Wen},
  title     = {Doping a Mott insulator: Physics of high-temperature superconductivity},
  journal   = {Rev. Mod. Phys.},
  year      = {2006},
  volume    = {78},
  number    = {1},
  month     = {jan},
  pages     = {17--85},
  doi       = {10.1103/revmodphys.78.17},
  url       = {https://journals.aps.org/rmp/abstract/10.1103/RevModPhys.78.17},
  groups    = {���³���},
  publisher = {American Physical Society ({APS})},
}

@Electronic{Gu_OL2019a,
  author = {Zhao-Long Gu},
  title  = {HamiltonianPy},
  year   = {2019},
  url    = {https://github.com/waltergu/HamiltonianPy},
  groups = {�����ļ�},
}

@Electronic{Gu_OL2019b,
  author = {Zhao-Long Gu},
  title  = {Quantum Many Body},
  year   = {2019},
  url    = {https://github.com/Quantum-Many-Body},
  groups = {�����ļ�},
}

@Article{Yang_PR1952,
  author    = {C. N. Yang and T. D. Lee},
  title     = {Statistical Theory of Equations of State and Phase Transitions. I. Theory of Condensation},
  journal   = {Phys. Rev.},
  year      = {1952},
  volume    = {87},
  number    = {3},
  month     = {aug},
  pages     = {404--409},
  doi       = {10.1103/physrev.87.404},
  url       = {https://journals.aps.org/pr/abstract/10.1103/PhysRev.87.404},
  groups    = {�����ļ�},
  publisher = {American Physical Society ({APS})},
}

@Article{Lee_PR1952,
  author    = {T. D. Lee and C. N. Yang},
  title     = {Statistical Theory of Equations of State and Phase Transitions. {II}. Lattice Gas and Ising Model},
  journal   = {Phys. Rev.},
  year      = {1952},
  volume    = {87},
  number    = {3},
  month     = {aug},
  pages     = {410--419},
  doi       = {10.1103/physrev.87.410},
  groups    = {�����ļ�},
  publisher = {American Physical Society ({APS})},
}

@Article{Georges_RMP1996,
  author    = {Antoine Georges and Gabriel Kotliar and Werner Krauth and Marcelo J. Rozenberg},
  title     = {Dynamical mean-field theory of strongly correlated fermion systems and the limit of infinite dimensions},
  journal   = {Rev. Mod. Phys.},
  year      = {1996},
  volume    = {68},
  number    = {1},
  month     = {jan},
  pages     = {13--125},
  doi       = {10.1103/revmodphys.68.13},
  url       = {https://journals.aps.org/rmp/abstract/10.1103/RevModPhys.68.13},
  groups    = {���㷽��������},
  publisher = {American Physical Society ({APS})},
}

@Article{Ginzburg_ZETF1950,
  author    = {Ginzburg, V. L. and Landau, L. D.},
  title     = {On the Theory of superconductivity},
  journal   = {Zh. Eksp. Teor. Fiz.},
  volume    = {20},
  year      = {1950},
  pages     = {1064-1082},
  groups    = {�����ļ�},
}

@Book{Negele_B1998,
  author    = {John W. Negele, Henri Orland},
  title     = {Quantum Many-particle Systems},
  year      = {1998},
  date      = {1998-11-27},
  publisher = {Taylor \& Francis Inc},
  isbn      = {0738200522},
  pagetotal = {476},
  url       = {https://www.ebook.de/de/product/3599040/john_w_negele_henri_orland_quantum_many_particle_systems.html},
  ean       = {9780738200521},
  groups    = {���㷽��������},
}

@Article{Kosterlitz_JPC1973,
  author    = {J M Kosterlitz and D J Thouless},
  title     = {Ordering, metastability and phase transitions in two-dimensional systems},
  journal   = {J. Phys. C: Solid State Phys.},
  year      = {1973},
  volume    = {6},
  number    = {7},
  month     = {apr},
  pages     = {1181--1203},
  doi       = {10.1088/0022-3719/6/7/010},
  url       = {https://iopscience.iop.org/article/10.1088/0022-3719/6/7/010/meta},
  groups    = {������̬������},
  publisher = {{IOP} Publishing},
}

@Article{Su_PRL1979,
  author    = {W. P. Su and J. R. Schrieffer and A. J. Heeger},
  title     = {Solitons in Polyacetylene},
  journal   = {Phys. Rev. Lett.},
  year      = {1979},
  volume    = {42},
  number    = {25},
  month     = {jun},
  pages     = {1698--1701},
  doi       = {10.1103/physrevlett.42.1698},
  url       = {https://journals.aps.org/prl/abstract/10.1103/PhysRevLett.42.1698},
  groups    = {������̬��һά��ϵ},
  publisher = {American Physical Society ({APS})},
}

@Electronic{Topology_E2019,
  author = {ά���ٿ�},
  title  = {Topology},
  year   = {2019},
  url    = {https://en.wikipedia.org/wiki/Topology},
  groups = {������̬������},
}

@Article{Klitzing_PRL1980,
  author    = {K. v. Klitzing and G. Dorda and M. Pepper},
  title     = {New Method for High-Accuracy Determination of the Fine-Structure Constant Based on Quantized Hall Resistance},
  journal   = {Phys. Rev. Lett.},
  year      = {1980},
  volume    = {45},
  number    = {6},
  month     = {aug},
  pages     = {494--497},
  doi       = {10.1103/physrevlett.45.494},
  url       = {https://journals.aps.org/prl/abstract/10.1103/PhysRevLett.45.494},
  groups    = {������̬���������ӻ���ЧӦ},
  publisher = {American Physical Society ({APS})},
}

@Article{Stormer_PB1992,
  author    = {H.L. Stormer},
  title     = {Two-dimensional electron correlation in high magnetic fields},
  journal   = {Physica B},
  year      = {1992},
  volume    = {177},
  number    = {1-4},
  month     = {mar},
  pages     = {401--408},
  doi       = {10.1016/0921-4526(92)90138-i},
  url       = {https://www.sciencedirect.com/science/article/pii/092145269290138I?via%3Dihub},
  groups    = {������̬���������ӻ���ЧӦ},
  publisher = {Elsevier {BV}},
}

@Article{Laughlin_PRB1981,
  author    = {R. B. Laughlin},
  title     = {Quantized Hall conductivity in two dimensions},
  journal   = {Phys. Rev. B},
  year      = {1981},
  volume    = {23},
  number    = {10},
  month     = {may},
  pages     = {5632--5633},
  doi       = {10.1103/physrevb.23.5632},
  url       = {https://journals.aps.org/prb/abstract/10.1103/PhysRevB.23.5632},
  groups    = {������̬���������ӻ���ЧӦ},
  publisher = {American Physical Society ({APS})},
}

@Article{Halperin_PRB1982,
  author    = {B. I. Halperin},
  title     = {Quantized Hall conductance, current-carrying edge states, and the existence of extended states in a two-dimensional disordered potential},
  journal   = {Phys. Rev. B},
  year      = {1982},
  volume    = {25},
  number    = {4},
  month     = {feb},
  pages     = {2185--2190},
  doi       = {10.1103/physrevb.25.2185},
  url       = {https://journals.aps.org/prb/abstract/10.1103/PhysRevB.25.2185},
  groups    = {������̬���������ӻ���ЧӦ},
  publisher = {American Physical Society ({APS})},
}

@Article{Arovas_PRL1984,
  author    = {Daniel Arovas and J. R. Schrieffer and Frank Wilczek},
  title     = {Fractional Statistics and the Quantum Hall Effect},
  journal   = {Phys. Rev. Lett.},
  year      = {1984},
  volume    = {53},
  number    = {7},
  month     = {aug},
  pages     = {722--723},
  doi       = {10.1103/physrevlett.53.722},
  url       = {https://journals.aps.org/prl/abstract/10.1103/PhysRevLett.53.722},
  groups    = {������̬���������ӻ���ЧӦ},
  publisher = {American Physical Society ({APS})},
}

@Article{Halperin_PRL1984,
  author    = {B. I. Halperin},
  title     = {Statistics of Quasiparticles and the Hierarchy of Fractional Quantized Hall States},
  journal   = {Phys. Rev. Lett.},
  year      = {1984},
  volume    = {52},
  number    = {18},
  month     = {apr},
  pages     = {1583--1586},
  doi       = {10.1103/physrevlett.52.1583},
  url       = {https://journals.aps.org/prl/abstract/10.1103/PhysRevLett.52.1583},
  groups    = {������̬���������ӻ���ЧӦ},
  publisher = {American Physical Society ({APS})},
}

@Article{Yennie_RMP1987,
  author    = {D. R. Yennie},
  title     = {Integral quantum Hall effect for nonspecialists},
  journal   = {Rev. Mod. Phys.},
  year      = {1987},
  volume    = {59},
  number    = {3},
  month     = {jul},
  pages     = {781--824},
  doi       = {10.1103/revmodphys.59.781},
  url       = {https://journals.aps.org/rmp/abstract/10.1103/RevModPhys.59.781},
  groups    = {������̬���������ӻ���ЧӦ},
  publisher = {American Physical Society ({APS})},
}

@Article{Stormer_RMP1999,
  author    = {Horst L. Stormer and Daniel C. Tsui and Arthur C. Gossard},
  title     = {The fractional quantum Hall effect},
  journal   = {Rev. Mod. Phys.},
  year      = {1999},
  volume    = {71},
  number    = {2},
  month     = {mar},
  pages     = {S298--S305},
  doi       = {10.1103/revmodphys.71.s298},
  url       = {https://journals.aps.org/rmp/abstract/10.1103/RevModPhys.71.S298},
  groups    = {������̬���������ӻ���ЧӦ},
  publisher = {American Physical Society ({APS})},
}

@Article{Wen_RMP2017,
  author    = {Xiao-Gang Wen},
  title     = {Colloquium : Zoo of quantum-topological phases of matter},
  journal   = {Rev. Mod. Phys.},
  year      = {2017},
  volume    = {89},
  number    = {4},
  month     = {dec},
  pages     = {041004},
  doi       = {10.1103/revmodphys.89.041004},
  url       = {https://journals.aps.org/rmp/abstract/10.1103/RevModPhys.89.041004},
  groups    = {������̬������, ������̬��������},
  publisher = {American Physical Society ({APS})},
}

@Article{Girvin_PRL1987,
  author    = {S. M. Girvin and A. H. MacDonald},
  title     = {Off-diagonal long-range order, oblique confinement, and the fractional quantum Hall effect},
  journal   = {Phys. Rev. Lett.},
  year      = {1987},
  volume    = {58},
  number    = {12},
  month     = {mar},
  pages     = {1252--1255},
  doi       = {10.1103/physrevlett.58.1252},
  url       = {https://journals.aps.org/prl/abstract/10.1103/PhysRevLett.58.1252},
  groups    = {������̬���������ӻ���ЧӦ},
  publisher = {American Physical Society ({APS})},
}

@Article{Read_PRL1989,
  author    = {N. Read},
  title     = {Order Parameter and Ginzburg-Landau Theory for the Fractional Quantum Hall Effect},
  journal   = {Phys. Rev. Lett.},
  year      = {1989},
  volume    = {62},
  number    = {1},
  month     = {jan},
  pages     = {86--89},
  doi       = {10.1103/physrevlett.62.86},
  url       = {https://journals.aps.org/prl/abstract/10.1103/PhysRevLett.62.86},
  groups    = {������̬���������ӻ���ЧӦ},
  publisher = {American Physical Society ({APS})},
}

@Article{Zhang_PRL1989,
  author    = {S. C. Zhang and T. H. Hansson and S. Kivelson},
  title     = {Effective-Field-Theory Model for the Fractional Quantum Hall Effect},
  journal   = {Phys. Rev. Lett.},
  year      = {1989},
  volume    = {62},
  number    = {1},
  month     = {jan},
  pages     = {82--85},
  doi       = {10.1103/physrevlett.62.82},
  url       = {https://journals.aps.org/prl/cited-by/10.1103/PhysRevLett.62.82},
  groups    = {������̬���������ӻ���ЧӦ},
  publisher = {American Physical Society ({APS})},
}

@Article{Wen_PRB1990,
  author    = {X. G. Wen and Q. Niu},
  title     = {Ground-state degeneracy of the fractional quantum Hall states in the presence of a random potential and on high-genus Riemann surfaces},
  journal   = {Phys. Rev. B},
  year      = {1990},
  volume    = {41},
  number    = {13},
  month     = {may},
  pages     = {9377--9396},
  doi       = {10.1103/physrevb.41.9377},
  url       = {https://journals.aps.org/prb/abstract/10.1103/PhysRevB.41.9377},
  groups    = {������̬���������ӻ���ЧӦ},
  publisher = {American Physical Society ({APS})},
}

@Article{Wen_PRB1989,
  author    = {X. G. Wen},
  title     = {Vacuum degeneracy of chiral spin states in compactified space},
  journal   = {Phys. Rev. B},
  year      = {1989},
  volume    = {40},
  number    = {10},
  month     = {oct},
  pages     = {7387--7390},
  doi       = {10.1103/physrevb.40.7387},
  url       = {https://journals.aps.org/prb/abstract/10.1103/PhysRevB.40.7387},
  groups    = {������̬��������},
  publisher = {American Physical Society ({APS})},
}

@Article{Kalmeyer_PRL1987,
  author    = {V. Kalmeyer and R. B. Laughlin},
  title     = {Equivalence of the resonating-valence-bond and fractional quantum Hall states},
  journal   = {Phys. Rev. Lett.},
  year      = {1987},
  volume    = {59},
  number    = {18},
  month     = {nov},
  pages     = {2095--2098},
  doi       = {10.1103/physrevlett.59.2095},
  url       = {https://journals.aps.org/prl/abstract/10.1103/PhysRevLett.59.2095},
  groups    = {������̬��������},
  publisher = {American Physical Society ({APS})},
}

@Article{Anderson_S1987,
  author    = {P. W. Anderson},
  title     = {The Resonating Valence Bond State in La2CuO4 and Superconductivity},
  journal   = {Science},
  year      = {1987},
  volume    = {235},
  number    = {4793},
  month     = {mar},
  pages     = {1196--1198},
  doi       = {10.1126/science.235.4793.1196},
  url       = {https://science.sciencemag.org/content/235/4793/1196},
  groups    = {����Һ��},
  publisher = {American Association for the Advancement of Science ({AAAS})},
}

@Article{Bednorz_ZPB1986,
  author    = {J. G. Bednorz and K. A. Muller},
  title     = {Possible high Tc superconductivity in the BaLaCuO system},
  journal   = {Z. Phys. B},
  year      = {1986},
  volume    = {64},
  number    = {2},
  month     = {jun},
  pages     = {189--193},
  doi       = {10.1007/bf01303701},
  url       = {https://link.springer.com/article/10.1007%2FBF01303701},
  groups    = {���³���},
  publisher = {Springer Science and Business Media {LLC}},
}

@Article{Lawrence_PRL1992,
  author    = {Taylor W. Lawrence and A. Szoke and R. B. Laughlin},
  title     = {Absence of circular dichroism in high-temperature superconductors},
  journal   = {Phys. Rev. Lett.},
  year      = {1992},
  volume    = {69},
  number    = {9},
  month     = {aug},
  pages     = {1439--1442},
  doi       = {10.1103/physrevlett.69.1439},
  url       = {https://journals.aps.org/prl/abstract/10.1103/PhysRevLett.69.1439},
  groups    = {����Һ��},
  publisher = {American Physical Society ({APS})},
}

@Article{Wen_PRL1991,
  author    = {X. G. Wen},
  title     = {Non-Abelian statistics in the fractional quantum Hall states},
  journal   = {Phys. Rev. Lett.},
  year      = {1991},
  volume    = {66},
  number    = {6},
  month     = {feb},
  pages     = {802--805},
  doi       = {10.1103/physrevlett.66.802},
  url       = {https://journals.aps.org/prl/abstract/10.1103/PhysRevLett.66.802},
  groups    = {������̬���������ӻ���ЧӦ},
  publisher = {American Physical Society ({APS})},
}

@Article{Moore_NPB1991,
  author    = {Gregory Moore and Nicholas Read},
  title     = {Nonabelions in the fractional quantum hall effect},
  journal   = {Nucl. Phys. B},
  year      = {1991},
  volume    = {360},
  number    = {2-3},
  month     = {aug},
  pages     = {362--396},
  doi       = {10.1016/0550-3213(91)90407-o},
  url       = {https://www.sciencedirect.com/science/article/pii/055032139190407O?via%3Dihub},
  groups    = {������̬���������ӻ���ЧӦ},
  publisher = {Elsevier {BV}},
}

@Article{Wen_IJMPB1990,
  author    = {X. G. Wen},
  title     = {Topological Orders in Rigid States},
  journal   = {Int. J. Mod. Phys. B},
  year      = {1990},
  volume    = {04},
  number    = {02},
  month     = {feb},
  pages     = {239--271},
  doi       = {10.1142/s0217979290000139},
  url       = {http://www.worldscientific.com/doi/abs/10.1142/S0217979290000139},
  groups    = {������̬��������},
  publisher = {World Scientific Pub Co Pte Lt},
}

@Book{Wen_B2004,
  author    = {Wen, Xiao-Gang},
  title     = {Quantum Field Theory of Many-Body Systems: From the Origin of Sound to an Origin of Light and Electrons},
  year      = {2004},
  date      = {2004-08-11},
  publisher = {OXFORD UNIV PR},
  isbn      = {0198530943},
  pagetotal = {505},
  url       = {https://www.ebook.de/de/product/3615721/xiao_gang_wen_quantum_field_theory_of_many_body_systems_from_the_origin_of_sound_to_an_origin_of_light_and_electrons.html},
  ean       = {9780198530947},
  groups    = {������̬��������},
}

@Article{Read_PRL1991,
  author    = {N. Read and Subir Sachdev},
  title     = {Large-Nexpansion for frustrated quantum antiferromagnets},
  journal   = {Phys. Rev. Lett.},
  year      = {1991},
  volume    = {66},
  number    = {13},
  month     = {apr},
  pages     = {1773--1776},
  doi       = {10.1103/physrevlett.66.1773},
  url       = {https://journals.aps.org/prl/abstract/10.1103/PhysRevLett.66.1773},
  groups    = {����Һ��},
  publisher = {American Physical Society ({APS})},
}

@Article{Wen_PRB1991,
  author    = {X. G. Wen},
  title     = {Mean-field theory of spin-liquid states with finite energy gap and topological orders},
  journal   = {Phys. Rev. B},
  year      = {1991},
  volume    = {44},
  number    = {6},
  month     = {aug},
  pages     = {2664--2672},
  doi       = {10.1103/physrevb.44.2664},
  url       = {https://journals.aps.org/prb/abstract/10.1103/PhysRevB.44.2664},
  groups    = {����Һ��},
  publisher = {American Physical Society ({APS})},
}

@Article{Kitaev_AP2003,
  author    = {A.Yu. Kitaev},
  title     = {Fault-tolerant quantum computation by anyons},
  journal   = {Ann. Phys.},
  year      = {2003},
  volume    = {303},
  number    = {1},
  month     = {jan},
  pages     = {2--30},
  doi       = {10.1016/s0003-4916(02)00018-0},
  url       = {https://www.sciencedirect.com/science/article/pii/S0003491602000180?via%3Dihub},
  groups    = {����Һ��},
  publisher = {Elsevier {BV}},
}

@Electronic{QE_E2019,
  author = {ά���ٿ�},
  title  = {Quantum entanglement},
  year   = {2019},
  url    = {https://en.wikipedia.org/wiki/Quantum_entanglement},
  groups = {�����ļ�},
}

@Article{Levin_PRL2006,
  author    = {Michael Levin and Xiao-Gang Wen},
  title     = {Detecting Topological Order in a Ground State Wave Function},
  journal   = {Phys. Rev. Lett.},
  year      = {2006},
  volume    = {96},
  number    = {11},
  month     = {mar},
  pages     = {110405},
  doi       = {10.1103/physrevlett.96.110405},
  url       = {https://journals.aps.org/prl/abstract/10.1103/PhysRevLett.96.110405},
  groups    = {������̬��������},
  publisher = {American Physical Society ({APS})},
}

@Article{Kitaev_PRL2006,
  author    = {Alexei Kitaev and John Preskill},
  title     = {Topological Entanglement Entropy},
  journal   = {Phys. Rev. Lett.},
  year      = {2006},
  volume    = {96},
  number    = {11},
  month     = {mar},
  pages     = {110404},
  doi       = {10.1103/physrevlett.96.110404},
  url       = {https://journals.aps.org/prl/abstract/10.1103/PhysRevLett.96.110404},
  groups    = {������̬��������},
  publisher = {American Physical Society ({APS})},
}

@Article{Chen_PRB2010,
  author    = {Xie Chen and Zheng-Cheng Gu and Xiao-Gang Wen},
  title     = {Local unitary transformation, long-range quantum entanglement, wave function renormalization, and topological order},
  journal   = {Phys. Rev. B},
  year      = {2010},
  volume    = {82},
  number    = {15},
  month     = {oct},
  pages     = {155138},
  doi       = {10.1103/physrevb.82.155138},
  url       = {https://journals.aps.org/prb/abstract/10.1103/PhysRevB.82.155138},
  groups    = {������̬��������},
  publisher = {American Physical Society ({APS})},
}

@Article{Witten_CMP1989,
  author    = {Edward Witten},
  title     = {Quantum field theory and the Jones polynomial},
  journal   = {Commun. Math. Phys.},
  year      = {1989},
  volume    = {121},
  number    = {3},
  month     = {sep},
  pages     = {351--399},
  doi       = {10.1007/bf01217730},
  url       = {https://link.springer.com/article/10.1007%2FBF01217730},
  groups    = {������̬��������},
  publisher = {Springer Science and Business Media {LLC}},
}

@Article{Willett_PRL1987,
  author    = {R. Willett and J. P. Eisenstein and H. L. Stormer and D. C. Tsui and A. C. Gossard and J. H. English},
  title     = {Observation of an even-denominator quantum number in the fractional quantum Hall effect},
  journal   = {Phys. Rev. Lett.},
  year      = {1987},
  volume    = {59},
  number    = {15},
  month     = {oct},
  pages     = {1776--1779},
  doi       = {10.1103/physrevlett.59.1776},
  url       = {https://journals.aps.org/prl/abstract/10.1103/PhysRevLett.59.1776},
  groups    = {������̬���������ӻ���ЧӦ},
  publisher = {American Physical Society ({APS})},
}

@Article{Dolev_N2008,
  author    = {M. Dolev and M. Heiblum and V. Umansky and Ady Stern and D. Mahalu},
  title     = {Observation of a quarter of an electron charge at the $\nu$ = 5/2 quantum Hall state},
  journal   = {Nature},
  year      = {2008},
  volume    = {452},
  number    = {7189},
  month     = {apr},
  pages     = {829--834},
  doi       = {10.1038/nature06855},
  url       = {https://www.nature.com/articles/nature06855},
  groups    = {������̬���������ӻ���ЧӦ},
  publisher = {Springer Science and Business Media {LLC}},
}

@Article{Radu_S2008,
  author    = {I. P. Radu and J. B. Miller and C. M. Marcus and M. A. Kastner and L. N. Pfeiffer and K. W. West},
  title     = {Quasi-Particle Properties from Tunneling in the Formula Fractional Quantum Hall State},
  journal   = {Science},
  year      = {2008},
  volume    = {320},
  number    = {5878},
  month     = {may},
  pages     = {899--902},
  doi       = {10.1126/science.1157560},
  url       = {https://science.sciencemag.org/content/320/5878/899},
  groups    = {������̬���������ӻ���ЧӦ},
  publisher = {American Association for the Advancement of Science ({AAAS})},
}

@Article{Leinaas_INCB1977,
  author    = {J. M. Leinaas and J. Myrheim},
  title     = {On the theory of identical particles},
  journal   = {Il Nuovo Cimento B},
  year      = {1977},
  volume    = {37},
  number    = {1},
  month     = {jan},
  pages     = {1--23},
  doi       = {10.1007/bf02727953},
  url       = {https://link.springer.com/article/10.1007%2FBF02727953},
  groups    = {������̬������ͳ��},
  publisher = {Springer Science and Business Media {LLC}},
}

@Article{Wilczek_PRL1982,
  author    = {Frank Wilczek},
  title     = {Magnetic Flux, Angular Momentum, and Statistics},
  journal   = {Phys. Rev. Lett.},
  year      = {1982},
  volume    = {48},
  number    = {17},
  month     = {apr},
  pages     = {1144--1146},
  doi       = {10.1103/physrevlett.48.1144},
  url       = {https://journals.aps.org/prl/abstract/10.1103/PhysRevLett.48.1144},
  groups    = {������̬������ͳ��},
  publisher = {American Physical Society ({APS})},
}

@Article{Wilczek_PRL1982a,
  author    = {Frank Wilczek},
  title     = {Quantum Mechanics of Fractional-Spin Particles},
  journal   = {Phys. Rev. Lett.},
  year      = {1982},
  volume    = {49},
  number    = {14},
  month     = {oct},
  pages     = {957--959},
  doi       = {10.1103/physrevlett.49.957},
  url       = {https://journals.aps.org/prl/abstract/10.1103/PhysRevLett.49.957},
  groups    = {������̬������ͳ��},
  publisher = {American Physical Society ({APS})},
}

@Article{Wu_PRL1984,
  author    = {Yong-Shi Wu},
  title     = {Multiparticle Quantum Mechanics Obeying Fractional Statistics},
  journal   = {Phys. Rev. Lett.},
  year      = {1984},
  volume    = {53},
  number    = {2},
  month     = {jul},
  pages     = {111--114},
  doi       = {10.1103/physrevlett.53.111},
  url       = {https://journals.aps.org/prl/abstract/10.1103/PhysRevLett.53.111},
  groups    = {������̬������ͳ��},
  publisher = {American Physical Society ({APS})},
}

@Article{Wu_PRL1984a,
  author    = {Yong-Shi Wu},
  title     = {General Theory for Quantum Statistics in Two Dimensions},
  journal   = {Phys. Rev. Lett.},
  year      = {1984},
  volume    = {52},
  number    = {24},
  month     = {jun},
  pages     = {2103--2106},
  doi       = {10.1103/physrevlett.52.2103},
  url       = {https://journals.aps.org/prl/abstract/10.1103/PhysRevLett.52.2103},
  groups    = {������̬������ͳ��},
  publisher = {American Physical Society ({APS})},
}

@Article{Wen_PRB1990a,
  author    = {X. G. Wen},
  title     = {Chiral Luttinger liquid and the edge excitations in the fractional quantum Hall states},
  journal   = {Phys. Rev. B},
  year      = {1990},
  volume    = {41},
  number    = {18},
  month     = {jun},
  pages     = {12838--12844},
  doi       = {10.1103/physrevb.41.12838},
  url       = {https://journals.aps.org/prb/abstract/10.1103/PhysRevB.41.12838},
  groups    = {������̬���������ӻ���ЧӦ},
  publisher = {American Physical Society ({APS})},
}

@Article{Blok_NPB1992,
  author    = {B. Blok and X.G. Wen},
  title     = {Many-body systems with non-abelian statistics},
  journal   = {Nucl. Phys. B},
  year      = {1992},
  volume    = {374},
  number    = {3},
  month     = {may},
  pages     = {615--646},
  doi       = {10.1016/0550-3213(92)90402-w},
  url       = {https://www.sciencedirect.com/science/article/pii/055032139290402W?via%3Dihub},
  groups    = {������̬���������ӻ���ЧӦ},
  publisher = {Elsevier {BV}},
}

@Article{Wen_PRL1993,
  author    = {Xiao-Gang Wen},
  title     = {Topological order and edge structure of $\nu$=1/2 quantum Hall state},
  journal   = {Phys. Rev. Lett.},
  year      = {1993},
  volume    = {70},
  number    = {3},
  month     = {jan},
  pages     = {355--358},
  doi       = {10.1103/physrevlett.70.355},
  url       = {https://journals.aps.org/prl/abstract/10.1103/PhysRevLett.70.355},
  groups    = {������̬���������ӻ���ЧӦ},
  publisher = {American Physical Society ({APS})},
}

@Article{Goldin_PRL1985,
  author    = {Gerald A. Goldin and Ralph Menikoff and David H. Sharp},
  title     = {Comments on "General Theory for Quantum Statistics in Two Dimensions"},
  journal   = {Phys. Rev. Lett.},
  year      = {1985},
  volume    = {54},
  number    = {6},
  month     = {feb},
  pages     = {603--603},
  doi       = {10.1103/physrevlett.54.603},
  url       = {https://journals.aps.org/prl/abstract/10.1103/PhysRevLett.54.603},
  groups    = {������̬������ͳ��},
  publisher = {American Physical Society ({APS})},
}

@Article{Kitaev_AP2006,
  author    = {Alexei Kitaev},
  title     = {Anyons in an exactly solved model and beyond},
  journal   = {Ann. Phys.},
  year      = {2006},
  volume    = {321},
  number    = {1},
  month     = {jan},
  pages     = {2--111},
  doi       = {10.1016/j.aop.2005.10.005},
  url       = {https://www.sciencedirect.com/science/article/pii/S0003491605002381?via%3Dihub},
  groups    = {����Һ��},
  publisher = {Elsevier {BV}},
}

@Article{Scalapino_RMP2012,
  author    = {D. J. Scalapino},
  title     = {A common thread: The pairing interaction for unconventional superconductors},
  journal   = {Rev. Mod. Phys.},
  year      = {2012},
  volume    = {84},
  number    = {4},
  month     = {oct},
  pages     = {1383--1417},
  doi       = {10.1103/revmodphys.84.1383},
  url       = {https://journals.aps.org/rmp/abstract/10.1103/RevModPhys.84.1383},
  groups    = {���³���},
  publisher = {American Physical Society ({APS})},
}

@Article{Fradkin_RMP2015,
  author    = {Eduardo Fradkin and Steven A. Kivelson and John M. Tranquada},
  title     = {Colloquium: Theory of intertwined orders in high temperature superconductors},
  journal   = {Rev. Mod. Phys.},
  year      = {2015},
  volume    = {87},
  number    = {2},
  month     = {may},
  pages     = {457--482},
  doi       = {10.1103/revmodphys.87.457},
  url       = {https://journals.aps.org/rmp/abstract/10.1103/RevModPhys.87.457},
  groups    = {���³���},
  publisher = {American Physical Society ({APS})},
}

@Article{Bernevig_PRL2006,
  author    = {B. Andrei Bernevig and Shou-Cheng Zhang},
  title     = {Quantum Spin Hall Effect},
  journal   = {Phys. Rev. Lett.},
  year      = {2006},
  volume    = {96},
  number    = {10},
  month     = {mar},
  pages     = {106802},
  doi       = {10.1103/physrevlett.96.106802},
  url       = {https://journals.aps.org/prl/abstract/10.1103/PhysRevLett.96.106802},
  groups    = {������̬�����˾�Ե��},
  publisher = {American Physical Society ({APS})},
}

@Article{Kane_PRL2005a,
  author    = {C. L. Kane and E. J. Mele},
  title     = {Z$_\text{2}$ Topological Order and the Quantum Spin Hall Effect},
  journal   = {Phys. Rev. Lett.},
  year      = {2005},
  volume    = {95},
  number    = {14},
  month     = {sep},
  pages     = {146802},
  doi       = {10.1103/physrevlett.95.146802},
  url       = {https://journals.aps.org/prl/abstract/10.1103/PhysRevLett.95.146802},
  groups    = {������̬�����˾�Ե��},
  publisher = {American Physical Society ({APS})},
}

@Article{Neto_RMP2009,
  author    = {A. H. Castro Neto and F. Guinea and N. M. R. Peres and K. S. Novoselov and A. K. Geim},
  title     = {The electronic properties of graphene},
  journal   = {Rev. Mod. Phys.},
  year      = {2009},
  volume    = {81},
  number    = {1},
  month     = {jan},
  pages     = {109--162},
  doi       = {10.1103/revmodphys.81.109},
  url       = {https://journals.aps.org/rmp/abstract/10.1103/RevModPhys.81.109},
  groups    = {ʯīϩ},
  publisher = {American Physical Society ({APS})},
}

@Article{Sheng_PRL2006,
  author    = {D. N. Sheng and Z. Y. Weng and L. Sheng and F. D. M. Haldane},
  title     = {Quantum Spin-Hall Effect and Topologically Invariant Chern Numbers},
  journal   = {Phys. Rev. Lett.},
  year      = {2006},
  volume    = {97},
  number    = {3},
  month     = {jul},
  pages     = {036808},
  doi       = {10.1103/physrevlett.97.036808},
  url       = {https://journals.aps.org/prl/abstract/10.1103/PhysRevLett.97.036808},
  groups    = {������̬���¾�Ե��},
  publisher = {American Physical Society ({APS})},
}

@Article{Min_PRB2006,
  author    = {Hongki Min and J. E. Hill and N. A. Sinitsyn and B. R. Sahu and Leonard Kleinman and A. H. MacDonald},
  title     = {Intrinsic and Rashba spin-orbit interactions in graphene sheets},
  journal   = {Phys. Rev. B},
  year      = {2006},
  volume    = {74},
  number    = {16},
  month     = {oct},
  pages     = {165310},
  doi       = {10.1103/physrevb.74.165310},
  url       = {https://journals.aps.org/prb/abstract/10.1103/PhysRevB.74.165310},
  groups    = {ʯīϩ},
  publisher = {American Physical Society ({APS})},
}

@Article{Yao_PRB2007,
  author    = {Yugui Yao and Fei Ye and Xiao-Liang Qi and Shou-Cheng Zhang and Zhong Fang},
  title     = {Spin-orbit gap of graphene: First-principles calculations},
  journal   = {Phys. Rev. B},
  year      = {2007},
  volume    = {75},
  number    = {4},
  month     = {jan},
  pages     = {041401},
  doi       = {10.1103/physrevb.75.041401},
  url       = {https://journals.aps.org/prb/abstract/10.1103/PhysRevB.75.041401},
  groups    = {ʯīϩ},
  publisher = {American Physical Society ({APS})},
}

@Article{Konig_S2007,
  author    = {M. Konig and S. Wiedmann and C. Brune and A. Roth and H. Buhmann and L. W. Molenkamp and X.-L. Qi and S.-C. Zhang},
  title     = {Quantum Spin Hall Insulator State in {HgTe} Quantum Wells},
  journal   = {Science},
  year      = {2007},
  volume    = {318},
  number    = {5851},
  month     = {nov},
  pages     = {766--770},
  doi       = {10.1126/science.1148047},
  url       = {https://science.sciencemag.org/content/318/5851/766},
  groups    = {������̬�����˾�Ե��},
  publisher = {American Association for the Advancement of Science ({AAAS})},
}

@Article{Fukui_PRB2007,
  author    = {Takahiro Fukui and Yasuhiro Hatsugai},
  title     = {Topological aspects of the quantum spin-Hall effect in graphene: Z$_\text{2}$ topological order and spin Chern number},
  journal   = {Phys. Rev. B},
  year      = {2007},
  volume    = {75},
  number    = {12},
  month     = {mar},
  pages     = {121403},
  doi       = {10.1103/physrevb.75.121403},
  url       = {https://journals.aps.org/prb/abstract/10.1103/PhysRevB.75.121403},
  groups    = {������̬�����˾�Ե��},
  publisher = {American Physical Society ({APS})},
}

@Article{Prodan_PRB2009,
  author    = {Emil Prodan},
  title     = {Robustness of the spin-Chern number},
  journal   = {Phys. Rev. B},
  year      = {2009},
  volume    = {80},
  number    = {12},
  month     = {sep},
  pages     = {125327},
  doi       = {10.1103/physrevb.80.125327},
  url       = {https://journals.aps.org/prb/abstract/10.1103/PhysRevB.80.125327},
  groups    = {������̬�����˾�Ե��},
  publisher = {American Physical Society ({APS})},
}

@Article{Fu_PRB2006,
  author    = {Liang Fu and C. L. Kane},
  title     = {Time reversal polarization and a ${Z_2}$ adiabatic spin pump},
  journal   = {Phys. Rev. B},
  year      = {2006},
  volume    = {74},
  number    = {19},
  month     = {nov},
  pages     = {195312},
  doi       = {10.1103/physrevb.74.195312},
  url       = {https://journals.aps.org/prb/abstract/10.1103/PhysRevB.74.195312},
  groups    = {������̬�����˾�Ե��},
  publisher = {American Physical Society ({APS})},
}

@Article{Moore_PRB2007,
  author    = {J. E. Moore and L. Balents},
  title     = {Topological invariants of time-reversal-invariant band structures},
  journal   = {Phys. Rev. B},
  year      = {2007},
  volume    = {75},
  number    = {12},
  month     = {mar},
  pages     = {121306},
  doi       = {10.1103/physrevb.75.121306},
  url       = {https://journals.aps.org/prb/abstract/10.1103/PhysRevB.75.121306},
  groups    = {������̬�����˾�Ե��},
  publisher = {American Physical Society ({APS})},
}

@Article{Roy_PRB2009,
  author    = {Rahul Roy},
  title     = {Z$_\text{2}$ classification of quantum spin Hall systems: An approach using time-reversal invariance},
  journal   = {Phys. Rev. B},
  year      = {2009},
  volume    = {79},
  number    = {19},
  month     = {may},
  pages     = {195321},
  doi       = {10.1103/physrevb.79.195321},
  url       = {https://journals.aps.org/prb/abstract/10.1103/PhysRevB.79.195321},
  groups    = {������̬�����˾�Ե��},
  publisher = {American Physical Society ({APS})},
}

@Article{Fu_PRB2007,
  author    = {Liang Fu and C. L. Kane},
  title     = {Topological insulators with inversion symmetry},
  journal   = {Phys. Rev. B},
  year      = {2007},
  volume    = {76},
  number    = {4},
  month     = {jul},
  pages     = {045302},
  doi       = {10.1103/physrevb.76.045302},
  url       = {https://journals.aps.org/prb/abstract/10.1103/PhysRevB.76.045302},
  groups    = {������̬�����˾�Ե��},
  publisher = {American Physical Society ({APS})},
}

@Article{Qi_PT2010,
  author    = {Xiao-Liang Qi and Shou-Cheng Zhang},
  title     = {The quantum spin Hall effect and topological insulators},
  journal   = {Physics Today},
  year      = {2010},
  volume    = {63},
  number    = {1},
  month     = {jan},
  pages     = {33--38},
  doi       = {10.1063/1.3293411},
  url       = {https://physicstoday.scitation.org/doi/10.1063/1.3293411},
  groups    = {������̬�����˾�Ե��},
  publisher = {{AIP} Publishing},
}

@Article{Roy_PRB2009a,
  author    = {Rahul Roy},
  title     = {Topological phases and the quantum spin Hall effect in three dimensions},
  journal   = {Phys. Rev. B},
  year      = {2009},
  volume    = {79},
  number    = {19},
  month     = {may},
  pages     = {195322},
  doi       = {10.1103/physrevb.79.195322},
  url       = {https://journals.aps.org/prb/abstract/10.1103/PhysRevB.79.195322},
  groups    = {������̬�����˾�Ե��},
  publisher = {American Physical Society ({APS})},
}

@Article{Fu_PRL2007,
  author    = {Liang Fu and C. L. Kane and E. J. Mele},
  title     = {Topological Insulators in Three Dimensions},
  journal   = {Phys. Rev. Lett.},
  year      = {2007},
  volume    = {98},
  number    = {10},
  month     = {mar},
  pages     = {106803},
  doi       = {10.1103/physrevlett.98.106803},
  url       = {https://journals.aps.org/prl/abstract/10.1103/PhysRevLett.98.106803},
  groups    = {������̬�����˾�Ե��},
  publisher = {American Physical Society ({APS})},
}

@Article{Hsieh_N2008,
  author    = {D. Hsieh and D. Qian and L. Wray and Y. Xia and Y. S. Hor and R. J. Cava and M. Z. Hasan},
  title     = {A topological Dirac insulator in a quantum spin Hall phase},
  journal   = {Nature},
  year      = {2008},
  volume    = {452},
  number    = {7190},
  month     = {apr},
  pages     = {970--974},
  doi       = {10.1038/nature06843},
  url       = {https://www.nature.com/articles/nature06843},
  groups    = {������̬�����˾�Ե��},
  publisher = {Springer Science and Business Media {LLC}},
}

@Article{Zhang_NP2009,
  author    = {Haijun Zhang and Chao-Xing Liu and Xiao-Liang Qi and Xi Dai and Zhong Fang and Shou-Cheng Zhang},
  title     = {Topological insulators in Bi2Se3, Bi2Te3 and Sb2Te3 with a single Dirac cone on the surface},
  journal   = {Nat. Phys.},
  year      = {2009},
  volume    = {5},
  number    = {6},
  month     = {may},
  pages     = {438--442},
  doi       = {10.1038/nphys1270},
  url       = {https://www.nature.com/articles/nphys1270},
  groups    = {������̬�����˾�Ե��},
  publisher = {Springer Science and Business Media {LLC}},
}

@Article{Xia_NP2009,
  author    = {Y. Xia and D. Qian and D. Hsieh and L. Wray and A. Pal and H. Lin and A. Bansil and D. Grauer and Y. S. Hor and R. J. Cava and M. Z. Hasan},
  title     = {Observation of a large-gap topological-insulator class with a single Dirac cone on the surface},
  journal   = {Nat. Phys.},
  year      = {2009},
  volume    = {5},
  number    = {6},
  month     = {may},
  pages     = {398--402},
  doi       = {10.1038/nphys1274},
  url       = {https://www.nature.com/articles/nphys1274},
  groups    = {������̬�����˾�Ե��},
  publisher = {Springer Science and Business Media {LLC}},
}

@Article{Chen_S2009,
  author    = {Y. L. Chen and J. G. Analytis and J.-H. Chu and Z. K. Liu and S.-K. Mo and X. L. Qi and H. J. Zhang and D. H. Lu and X. Dai and Z. Fang and S. C. Zhang and I. R. Fisher and Z. Hussain and Z.-X. Shen},
  title     = {Experimental Realization of a Three-Dimensional Topological Insulator, Bi2Te3},
  journal   = {Science},
  year      = {2009},
  volume    = {325},
  number    = {5937},
  month     = {jun},
  pages     = {178--181},
  doi       = {10.1126/science.1173034},
  url       = {https://science.sciencemag.org/content/325/5937/178},
  groups    = {������̬�����˾�Ե��},
  publisher = {American Association for the Advancement of Science ({AAAS})},
}

@Article{Kitaev_AIPCP2009,
  author    = {Alexei Kitaev},
  title     = {Periodic table for topological insulators and superconductors},
  journal   = {AIP Conf. Proc.},
  year      = {2009},
  volume    = {1134},
  pages     = {22},
  doi       = {10.1063/1.3149495},
  url       = {https://aip.scitation.org/doi/abs/10.1063/1.3149495},
  booktitle = {AIP Conf. Proc.},
  groups    = {������̬�����˾�Ե��},
  publisher = {{AIP}},
}

@Article{Roy_arXiv2008,
  author  = {Rahul Roy},
  title   = {Topological superfluids with time reversal symmetry},
  journal = {arXiv: 0803.2868},
  year    = {2008},
  url     = {https://arxiv.org/abs/0803.2868},
  groups  = {������̬�����˾�Ե��},
}

@Article{Read_PRB2000,
  author    = {N. Read and Dmitry Green},
  title     = {Paired states of fermions in two dimensions with breaking of parity and time-reversal symmetries and the fractional quantum Hall effect},
  journal   = {Phys. Rev. B},
  year      = {2000},
  volume    = {61},
  number    = {15},
  month     = {apr},
  pages     = {10267--10297},
  doi       = {10.1103/physrevb.61.10267},
  url       = {https://journals.aps.org/prb/abstract/10.1103/PhysRevB.61.10267},
  groups    = {������̬�����˳�����},
  publisher = {American Physical Society ({APS})},
}

@Article{Ivanov_PRL2001,
  author    = {D. A. Ivanov},
  title     = {Non-Abelian Statistics of Half-Quantum Vortices inp-Wave Superconductors},
  journal   = {Phys. Rev. Lett.},
  year      = {2001},
  volume    = {86},
  number    = {2},
  month     = {jan},
  pages     = {268--271},
  doi       = {10.1103/physrevlett.86.268},
  url       = {https://journals.aps.org/prl/abstract/10.1103/PhysRevLett.86.268},
  groups    = {������̬�����˳�����},
  publisher = {American Physical Society ({APS})},
}

@Article{Fu_PRL2008,
  author    = {Liang Fu and C. L. Kane},
  title     = {Superconducting Proximity Effect and Majorana Fermions at the Surface of a Topological Insulator},
  journal   = {Phys. Rev. Lett.},
  year      = {2008},
  volume    = {100},
  number    = {9},
  month     = {mar},
  pages     = {096407},
  doi       = {10.1103/physrevlett.100.096407},
  url       = {https://journals.aps.org/prl/abstract/10.1103/PhysRevLett.100.096407},
  groups    = {������̬�����˳�����},
  publisher = {American Physical Society ({APS})},
}

@Article{Oreg_PRL2010,
  author    = {Yuval Oreg and Gil Refael and Felix von Oppen},
  title     = {Helical Liquids and Majorana Bound States in Quantum Wires},
  journal   = {Phys. Rev. Lett.},
  year      = {2010},
  volume    = {105},
  number    = {17},
  month     = {oct},
  pages     = {177002},
  doi       = {10.1103/physrevlett.105.177002},
  url       = {https://journals.aps.org/prl/abstract/10.1103/PhysRevLett.105.177002},
  groups    = {������̬�����˳�����},
  publisher = {American Physical Society ({APS})},
}

@Article{Lutchyn_PRL2010,
  author    = {Roman M. Lutchyn and Jay D. Sau and S. Das Sarma},
  title     = {Majorana Fermions and a Topological Phase Transition in Semiconductor-Superconductor Heterostructures},
  journal   = {Phys. Rev. Lett.},
  year      = {2010},
  volume    = {105},
  number    = {7},
  month     = {aug},
  pages     = {077001},
  doi       = {10.1103/physrevlett.105.077001},
  url       = {https://journals.aps.org/prl/abstract/10.1103/PhysRevLett.105.077001},
  groups    = {������̬�����˳�����},
  publisher = {American Physical Society ({APS})},
}

@Article{Zirnbauer_JMP1996,
  author    = {Martin R. Zirnbauer},
  title     = {Riemannian symmetric superspaces and their origin in random-matrix theory},
  journal   = {J. Math. Phys.},
  year      = {1996},
  volume    = {37},
  number    = {10},
  month     = {oct},
  pages     = {4986--5018},
  doi       = {10.1063/1.531675},
  url       = {https://aip.scitation.org/doi/10.1063/1.531675},
  groups    = {��ѧ},
  publisher = {{AIP} Publishing},
}

@Article{Altland_PRB1997,
  author    = {Alexander Altland and Martin R. Zirnbauer},
  title     = {Nonstandard symmetry classes in mesoscopic normal-superconducting hybrid structures},
  journal   = {Phys. Rev. B},
  year      = {1997},
  volume    = {55},
  number    = {2},
  month     = {jan},
  pages     = {1142--1161},
  doi       = {10.1103/physrevb.55.1142},
  url       = {https://journals.aps.org/prb/abstract/10.1103/PhysRevB.55.1142},
  groups    = {��ѧ},
  publisher = {American Physical Society ({APS})},
}

@Book{Karoubi_B1978,
  author    = {Max Karoubi},
  title     = {K-Theory},
  year      = {1978},
  publisher = {Springer Berlin Heidelberg},
  doi       = {10.1007/978-3-540-79890-3},
  url       = {https://www.springer.com/cn/book/9783540798897},
  groups    = {��ѧ},
}

@Book{Mehta_B2004,
  author    = {Mehta, Madan Lal},
  title     = {Random Matrices},
  year      = {2004},
  date      = {2004-10-06},
  publisher = {Elsevier Science},
  pagetotal = {706},
  url       = {https://www.ebook.de/de/product/15274856/madan_lal_mehta_random_matrices.html},
  ean       = {9780080474113},
  groups    = {��ѧ},
}

@Article{Lutchyn_NRM2018,
  author    = {R. M. Lutchyn and E. P. A. M. Bakkers and L. P. Kouwenhoven and P. Krogstrup and C. M. Marcus and Y. Oreg},
  title     = {Majorana zero modes in superconductor{\textendash}semiconductor heterostructures},
  journal   = {Nat. Rev. Mater.},
  year      = {2018},
  volume    = {3},
  number    = {5},
  month     = {may},
  pages     = {52--68},
  doi       = {10.1038/s41578-018-0003-1},
  url       = {https://www.nature.com/articles/s41578-018-0003-1},
  groups    = {������̬�����˳�����},
  publisher = {Springer Science and Business Media {LLC}},
}

@Article{Sun_PRL2016,
  author    = {Hao-Hua Sun and Kai-Wen Zhang and Lun-Hui Hu and Chuang Li and Guan-Yong Wang and Hai-Yang Ma and Zhu-An Xu and Chun-Lei Gao and Dan-Dan Guan and Yao-Yi Li and Canhua Liu and Dong Qian and Yi Zhou and Liang Fu and Shao-Chun Li and Fu-Chun Zhang and Jin-Feng Jia},
  title     = {Majorana Zero Mode Detected with Spin Selective Andreev Reflection in the Vortex of a Topological Superconductor},
  journal   = {Phys. Rev. Lett.},
  year      = {2016},
  volume    = {116},
  number    = {25},
  month     = {jun},
  pages     = {257003},
  doi       = {10.1103/physrevlett.116.257003},
  url       = {https://journals.aps.org/prl/abstract/10.1103/PhysRevLett.116.257003},
  groups    = {������̬�����˳�����},
  publisher = {American Physical Society ({APS})},
}

@Article{Sau_PRL2010,
  author    = {Jay D. Sau and Roman M. Lutchyn and Sumanta Tewari and S. Das Sarma},
  title     = {Generic New Platform for Topological Quantum Computation Using Semiconductor Heterostructures},
  journal   = {Phys. Rev. Lett.},
  year      = {2010},
  volume    = {104},
  number    = {4},
  month     = {jan},
  pages     = {040502},
  doi       = {10.1103/physrevlett.104.040502},
  url       = {https://journals.aps.org/prl/abstract/10.1103/PhysRevLett.104.040502},
  groups    = {������̬�����˳�����},
  publisher = {American Physical Society ({APS})},
}

@Article{Alicea_PRB2010,
  author    = {Jason Alicea},
  title     = {Majorana fermions in a tunable semiconductor device},
  journal   = {Phys. Rev. B},
  year      = {2010},
  volume    = {81},
  number    = {12},
  month     = {mar},
  pages     = {125318},
  doi       = {10.1103/physrevb.81.125318},
  url       = {https://journals.aps.org/prb/abstract/10.1103/PhysRevB.81.125318},
  groups    = {������̬�����˳�����},
  publisher = {American Physical Society ({APS})},
}

@Article{Chung_PRB2011,
  author    = {Suk Bum Chung and Hai-Jun Zhang and Xiao-Liang Qi and Shou-Cheng Zhang},
  title     = {Topological superconducting phase and Majorana fermions in half-metal/superconductor heterostructures},
  journal   = {Phys. Rev. B},
  year      = {2011},
  volume    = {84},
  number    = {6},
  month     = {aug},
  pages     = {060510},
  doi       = {10.1103/physrevb.84.060510},
  url       = {https://journals.aps.org/prb/abstract/10.1103/PhysRevB.84.060510},
  groups    = {������̬�����˳�����},
  publisher = {American Physical Society ({APS})},
}

@Article{Perge_S2014,
  author    = {S. Nadj-Perge and I. K. Drozdov and J. Li and H. Chen and S. Jeon and J. Seo and A. H. MacDonald and B. A. Bernevig and A. Yazdani},
  title     = {Observation of Majorana fermions in ferromagnetic atomic chains on a superconductor},
  journal   = {Science},
  year      = {2014},
  volume    = {346},
  number    = {6209},
  month     = {oct},
  pages     = {602--607},
  doi       = {10.1126/science.1259327},
  url       = {https://science.sciencemag.org/content/346/6209/602},
  groups    = {������̬�����˳�����},
  publisher = {American Association for the Advancement of Science ({AAAS})},
}

@Article{Deng_S2016,
  author    = {M. T. Deng and S. Vaitiek{\.{e}}nas and E. B. Hansen and J. Danon and M. Leijnse and K. Flensberg and J. Nyg{\aa}rd and P. Krogstrup and C. M. Marcus},
  title     = {Majorana bound state in a coupled quantum-dot hybrid-nanowire system},
  journal   = {Science},
  year      = {2016},
  volume    = {354},
  number    = {6319},
  month     = {dec},
  pages     = {1557--1562},
  doi       = {10.1126/science.aaf3961},
  url       = {https://science.sciencemag.org/content/354/6319/1557},
  groups    = {������̬�����˳�����},
  publisher = {American Association for the Advancement of Science ({AAAS})},
}

@Article{Mourik_S2012,
  author    = {V. Mourik and K. Zuo and S. M. Frolov and S. R. Plissard and E. P. A. M. Bakkers and L. P. Kouwenhoven},
  title     = {Signatures of Majorana Fermions in Hybrid Superconductor-Semiconductor Nanowire Devices},
  journal   = {Science},
  year      = {2012},
  volume    = {336},
  number    = {6084},
  month     = {apr},
  pages     = {1003--1007},
  doi       = {10.1126/science.1222360},
  url       = {https://science.sciencemag.org/content/336/6084/1003},
  groups    = {������̬�����˳�����},
  publisher = {American Association for the Advancement of Science ({AAAS})},
}

@Article{Rokhinson_NP2012,
  author    = {Leonid P. Rokhinson and Xinyu Liu and Jacek K. Furdyna},
  title     = {The fractional a.c. Josephson effect in a semiconductor{\textendash}superconductor nanowire as a signature of Majorana particles},
  journal   = {Nat. Phys.},
  year      = {2012},
  volume    = {8},
  number    = {11},
  month     = {sep},
  pages     = {795--799},
  doi       = {10.1038/nphys2429},
  url       = {https://www.nature.com/articles/nphys2429},
  groups    = {������̬�����˳�����},
  publisher = {Springer Science and Business Media {LLC}},
}

@Article{Klinovaja_PRL2013,
  author    = {Jelena Klinovaja and Peter Stano and Ali Yazdani and Daniel Loss},
  title     = {Topological Superconductivity and Majorana Fermions in {RKKY} Systems},
  journal   = {Phys. Rev. Lett.},
  year      = {2013},
  volume    = {111},
  number    = {18},
  month     = {nov},
  pages     = {186805},
  doi       = {10.1103/physrevlett.111.186805},
  url       = {https://journals.aps.org/prl/abstract/10.1103/PhysRevLett.111.186805},
  groups    = {������̬�����˳�����},
  publisher = {American Physical Society ({APS})},
}

@Article{Zhang_N2018,
  author    = {Hao Zhang and Chun-Xiao Liu and Sasa Gazibegovic and Di Xu and John A. Logan and Guanzhong Wang and Nick van Loo and Jouri D. S. Bommer and Michiel W. A. de Moor and Diana Car and Roy L. M. Op het Veld and Petrus J. van Veldhoven and Sebastian Koelling and Marcel A. Verheijen and Mihir Pendharkar and Daniel J. Pennachio and Borzoyeh Shojaei and Joon Sue Lee and Chris J. Palmstr{\o}m and Erik P. A. M. Bakkers and S. Das Sarma and Leo P. Kouwenhoven},
  title     = {Quantized Majorana conductance},
  journal   = {Nature},
  year      = {2018},
  volume    = {556},
  number    = {7699},
  month     = {mar},
  pages     = {74--79},
  doi       = {10.1038/nature26142},
  url       = {https://www.nature.com/articles/nature26142},
  groups    = {������̬�����˳�����},
  publisher = {Springer Nature},
}

@Article{Guel_NN2018,
  author    = {Onder G��l and Hao Zhang and Jouri D. S. Bommer and Michiel W. A. de Moor and Diana Car and S{\'{e}}bastien R. Plissard and Erik P. A. M. Bakkers and Attila Geresdi and Kenji Watanabe and Takashi Taniguchi and Leo P. Kouwenhoven},
  title     = {Ballistic Majorana nanowire devices},
  journal   = {Nat. Nanotechnol.},
  year      = {2018},
  volume    = {13},
  number    = {3},
  month     = {jan},
  pages     = {192--197},
  doi       = {10.1038/s41565-017-0032-8},
  url       = {https://www.nature.com/articles/s41565-017-0032-8},
  groups    = {������̬�����˳�����},
  publisher = {Springer Nature},
}

@Article{Albrecht_N2016,
  author    = {S. M. Albrecht and A. P. Higginbotham and M. Madsen and F. Kuemmeth and T. S. Jespersen and J. Nyg{\aa}rd and P. Krogstrup and C. M. Marcus},
  title     = {Exponential protection of zero modes in Majorana islands},
  journal   = {Nature},
  year      = {2016},
  volume    = {531},
  number    = {7593},
  month     = {mar},
  pages     = {206--209},
  doi       = {10.1038/nature17162},
  url       = {https://www.nature.com/articles/nature17162},
  groups    = {������̬�����˳�����},
  publisher = {Springer Science and Business Media {LLC}},
}

@Article{Yu_S2010,
  author    = {R. Yu and W. Zhang and H.-J. Zhang and S.-C. Zhang and X. Dai and Z. Fang},
  title     = {Quantized Anomalous Hall Effect in Magnetic Topological Insulators},
  journal   = {Science},
  year      = {2010},
  volume    = {329},
  number    = {5987},
  month     = {jun},
  pages     = {61--64},
  doi       = {10.1126/science.1187485},
  url       = {https://science.sciencemag.org/content/329/5987/61},
  groups    = {������̬���������ӻ���ЧӦ},
  publisher = {American Association for the Advancement of Science ({AAAS})},
}

@Article{Liu_PRL2008,
  author    = {Chao-Xing Liu and Xiao-Liang Qi and Xi Dai and Zhong Fang and Shou-Cheng Zhang},
  title     = {Quantum Anomalous Hall Effect in Hg$_\text{1-y}$Mn$_\text{y}$Te Quantum Wells},
  journal   = {Phys. Rev. Lett.},
  year      = {2008},
  volume    = {101},
  number    = {14},
  month     = {oct},
  doi       = {10.1103/physrevlett.101.146802},
  url       = {https://journals.aps.org/prl/abstract/10.1103/PhysRevLett.101.146802},
  groups    = {������̬���������ӻ���ЧӦ},
  publisher = {American Physical Society ({APS})},
}

@Article{Chang_S2013,
  author    = {C.-Z. Chang and J. Zhang and X. Feng and J. Shen and Z. Zhang and M. Guo and K. Li and Y. Ou and P. Wei and L.-L. Wang and Z.-Q. Ji and Y. Feng and S. Ji and X. Chen and J. Jia and X. Dai and Z. Fang and S.-C. Zhang and K. He and Y. Wang and L. Lu and X.-C. Ma and Q.-K. Xue},
  title     = {Experimental Observation of the Quantum Anomalous Hall Effect in a Magnetic Topological Insulator},
  journal   = {Science},
  year      = {2013},
  volume    = {340},
  number    = {6129},
  month     = {mar},
  pages     = {167--170},
  doi       = {10.1126/science.1234414},
  url       = {https://science.sciencemag.org/content/340/6129/167},
  groups    = {������̬���������ӻ���ЧӦ},
  publisher = {American Association for the Advancement of Science ({AAAS})},
}

@Article{He_ARCMP2018,
  author    = {Ke He and Yayu Wang and Qi-Kun Xue},
  title     = {Topological Materials: Quantum Anomalous Hall System},
  journal   = {Annu. Rev. Condens. Matter Phys.},
  year      = {2018},
  volume    = {9},
  number    = {1},
  month     = {mar},
  pages     = {329--344},
  doi       = {10.1146/annurev-conmatphys-033117-054144},
  url       = {https://www.annualreviews.org/doi/full/10.1146/annurev-conmatphys-033117-054144},
  groups    = {������̬���������ӻ���ЧӦ},
  publisher = {Annual Reviews},
}

@Article{He_S2017,
  author    = {Qing Lin He and Lei Pan and Alexander L. Stern and Edward C. Burks and Xiaoyu Che and Gen Yin and Jing Wang and Biao Lian and Quan Zhou and Eun Sang Choi and Koichi Murata and Xufeng Kou and Zhijie Chen and Tianxiao Nie and Qiming Shao and Yabin Fan and Shou-Cheng Zhang and Kai Liu and Jing Xia and Kang L. Wang},
  title     = {Chiral Majorana fermion modes in a quantum anomalous Hall insulator{\textendash}superconductor structure},
  journal   = {Science},
  year      = {2017},
  volume    = {357},
  number    = {6348},
  month     = {jul},
  pages     = {294--299},
  doi       = {10.1126/science.aag2792},
  url       = {https://science.sciencemag.org/content/357/6348/294},
  groups    = {������̬�����˳�����},
  publisher = {American Association for the Advancement of Science ({AAAS})},
}

@Article{Qi_PRB2010,
  author    = {Xiao-Liang Qi and Taylor L. Hughes and Shou-Cheng Zhang},
  title     = {Chiral topological superconductor from the quantum Hall state},
  journal   = {Phys. Rev. B},
  year      = {2010},
  volume    = {82},
  number    = {18},
  month     = {nov},
  pages     = {184516},
  doi       = {10.1103/physrevb.82.184516},
  url       = {https://journals.aps.org/prb/abstract/10.1103/PhysRevB.82.184516},
  groups    = {������̬�����˳�����},
  publisher = {American Physical Society ({APS})},
}

@Article{Fu_PRL2011,
  author    = {Liang Fu},
  title     = {Topological Crystalline Insulators},
  journal   = {Phys. Rev. Lett.},
  year      = {2011},
  volume    = {106},
  number    = {10},
  month     = {mar},
  pages     = {106802},
  doi       = {10.1103/physrevlett.106.106802},
  url       = {https://journals.aps.org/prl/abstract/10.1103/PhysRevLett.106.106802},
  groups    = {������̬�����˾�Ե��},
  publisher = {American Physical Society ({APS})},
}

@Article{Ando_ARCMP2015,
  author    = {Yoichi Ando and Liang Fu},
  title     = {Topological Crystalline Insulators and Topological Superconductors: From Concepts to Materials},
  journal   = {Annu. Rev. Condens. Matter Phys.},
  year      = {2015},
  volume    = {6},
  number    = {1},
  month     = {mar},
  pages     = {361--381},
  doi       = {10.1146/annurev-conmatphys-031214-014501},
  url       = {https://www.annualreviews.org/doi/full/10.1146/annurev-conmatphys-031214-014501},
  groups    = {������̬�����˾�Ե��},
  publisher = {Annual Reviews},
}

@Article{Okada_S2013,
  author    = {Y. Okada and M. Serbyn and H. Lin and D. Walkup and W. Zhou and C. Dhital and M. Neupane and S. Xu and Y. J. Wang and R. Sankar and F. Chou and A. Bansil and M. Z. Hasan and S. D. Wilson and L. Fu and V. Madhavan},
  title     = {Observation of Dirac Node Formation and Mass Acquisition in a Topological Crystalline Insulator},
  journal   = {Science},
  year      = {2013},
  volume    = {341},
  number    = {6153},
  month     = {aug},
  pages     = {1496--1499},
  doi       = {10.1126/science.1239451},
  url       = {https://science.sciencemag.org/content/341/6153/1496},
  groups    = {������̬�����˾�Ե��},
  publisher = {American Association for the Advancement of Science ({AAAS})},
}

@Article{Xu_NC2012,
  author    = {Su-Yang Xu and Chang Liu and N. Alidoust and M. Neupane and D. Qian and I. Belopolski and J.D. Denlinger and Y.J. Wang and H. Lin and L.A. Wray and G. Landolt and B. Slomski and J.H. Dil and A. Marcinkova and E. Morosan and Q. Gibson and R. Sankar and F.C. Chou and R.J. Cava and A. Bansil and M.Z. Hasan},
  title     = {Observation of a topological crystalline insulator phase and topological phase transition in Pb1-{xSnxTe}},
  journal   = {Nat. Commun.},
  year      = {2012},
  volume    = {3},
  number    = {1},
  month     = {jan},
  pages     = {2191},
  doi       = {10.1038/ncomms2191},
  url       = {https://www.nature.com/articles/ncomms2191},
  groups    = {������̬�����˾�Ե��},
  publisher = {Springer Science and Business Media {LLC}},
}

@Article{Tanaka_NP2012,
  author    = {Y. Tanaka and Zhi Ren and T. Sato and K. Nakayama and S. Souma and T. Takahashi and Kouji Segawa and Yoichi Ando},
  title     = {Experimental realization of a topological crystalline insulator in {SnTe}},
  journal   = {Nature Physics},
  year      = {2012},
  volume    = {8},
  number    = {11},
  month     = {sep},
  pages     = {800--803},
  doi       = {10.1038/nphys2442},
  url       = {https://www.nature.com/articles/nphys2442},
  groups    = {������̬�����˾�Ե��},
  publisher = {Springer Science and Business Media {LLC}},
}

@Article{Young_PRL2012,
  author    = {S. M. Young and S. Zaheer and J. C. Y. Teo and C. L. Kane and E. J. Mele and A. M. Rappe},
  title     = {Dirac Semimetal in Three Dimensions},
  journal   = {Phys. Rev. Lett.},
  year      = {2012},
  volume    = {108},
  number    = {14},
  month     = {apr},
  pages     = {140405},
  doi       = {10.1103/physrevlett.108.140405},
  url       = {https://journals.aps.org/prl/abstract/10.1103/PhysRevLett.108.140405},
  groups    = {������̬�����˰����},
  publisher = {American Physical Society ({APS})},
}

@Article{Borisenko_PRL2014,
  author    = {Sergey Borisenko and Quinn Gibson and Danil Evtushinsky and Volodymyr Zabolotnyy and Bernd B��chner and Robert J. Cava},
  title     = {Experimental Realization of a Three-Dimensional Dirac Semimetal},
  journal   = {Phys. Rev. Lett.},
  year      = {2014},
  volume    = {113},
  number    = {2},
  month     = {jul},
  pages     = {027603},
  doi       = {10.1103/physrevlett.113.027603},
  url       = {https://journals.aps.org/prl/abstract/10.1103/PhysRevLett.113.027603},
  groups    = {������̬�����˰����},
  publisher = {American Physical Society ({APS})},
}

@Article{Liu_NM2014,
  author    = {Z. K. Liu and J. Jiang and B. Zhou and Z. J. Wang and Y. Zhang and H. M. Weng and D. Prabhakaran and S-K. Mo and H. Peng and P. Dudin and T. Kim and M. Hoesch and Z. Fang and X. Dai and Z. X. Shen and D. L. Feng and Z. Hussain and Y. L. Chen},
  title     = {A stable three-dimensional topological Dirac semimetal Cd3As2},
  journal   = {Nat. Mater.},
  year      = {2014},
  volume    = {13},
  number    = {7},
  month     = {may},
  pages     = {677--681},
  doi       = {10.1038/nmat3990},
  url       = {https://www.nature.com/articles/nmat3990},
  groups    = {������̬�����˰����},
  publisher = {Springer Nature},
}

@Article{Liu_S2014,
  author    = {Z. K. Liu and B. Zhou and Y. Zhang and Z. J. Wang and H. M. Weng and D. Prabhakaran and S.- K. Mo and Z. X. Shen and Z. Fang and X. Dai and Z. Hussain and Y. L. Chen},
  title     = {Discovery of a Three-Dimensional Topological Dirac Semimetal, Na3Bi},
  journal   = {Science},
  year      = {2014},
  volume    = {343},
  number    = {6173},
  month     = {jan},
  pages     = {864--867},
  doi       = {10.1126/science.1245085},
  url       = {https://science.sciencemag.org/content/343/6173/864},
  groups    = {������̬�����˰����},
  publisher = {American Association for the Advancement of Science ({AAAS})},
}

@Article{Neupane_NC2014,
  author    = {Madhab Neupane and Su-Yang Xu and Raman Sankar and Nasser Alidoust and Guang Bian and Chang Liu and Ilya Belopolski and Tay-Rong Chang and Horng-Tay Jeng and Hsin Lin and Arun Bansil and Fangcheng Chou and M. Zahid Hasan},
  title     = {Observation of a three-dimensional topological Dirac semimetal phase in high-mobility Cd3As2},
  journal   = {Nat. Commun.},
  year      = {2014},
  volume    = {5},
  number    = {1},
  month     = {may},
  pages     = {4786},
  doi       = {10.1038/ncomms4786},
  url       = {https://www.nature.com/articles/ncomms4786},
  groups    = {������̬�����˰����},
  publisher = {Springer Science and Business Media {LLC}},
}

@Article{Xu_PRL2011,
  author    = {Gang Xu and Hongming Weng and Zhijun Wang and Xi Dai and Zhong Fang},
  title     = {Chern Semimetal and the Quantized Anomalous Hall Effect {inHgCr}2Se4},
  journal   = {Phys. Rev. Lett.},
  year      = {2011},
  volume    = {107},
  number    = {18},
  month     = {oct},
  pages     = {186806},
  doi       = {10.1103/physrevlett.107.186806},
  url       = {https://journals.aps.org/prl/abstract/10.1103/PhysRevLett.107.186806},
  groups    = {������̬�����˰����},
  publisher = {American Physical Society ({APS})},
}

@Article{Burkov_PRL2011,
  author    = {A. A. Burkov and Leon Balents},
  title     = {Weyl Semimetal in a Topological Insulator Multilayer},
  journal   = {Phys. Rev. Lett.},
  year      = {2011},
  volume    = {107},
  number    = {12},
  month     = {sep},
  pages     = {127205},
  doi       = {10.1103/physrevlett.107.127205},
  url       = {https://journals.aps.org/prl/abstract/10.1103/PhysRevLett.107.127205},
  groups    = {������̬�����˰����},
  publisher = {American Physical Society ({APS})},
}

@Article{Bulmash_PRB2014,
  author    = {Daniel Bulmash and Chao-Xing Liu and Xiao-Liang Qi},
  title     = {Prediction of a Weyl semimetal in Hg$_\text{1-x-y}$Cd$_\text{x}$Mn$_\text{y}$Te},
  journal   = {Phys. Rev. B},
  year      = {2014},
  volume    = {89},
  number    = {8},
  month     = {feb},
  pages     = {081106},
  doi       = {10.1103/physrevb.89.081106},
  url       = {https://journals.aps.org/prb/abstract/10.1103/PhysRevB.89.081106},
  groups    = {������̬�����˰����},
  publisher = {American Physical Society ({APS})},
}

@Article{Halasz_PRB2012,
  author    = {G{\'{a}}bor B. Hal{\'{a}}sz and Leon Balents},
  title     = {Time-reversal invariant realization of the Weyl semimetal phase},
  journal   = {Phys. Rev. B},
  year      = {2012},
  volume    = {85},
  number    = {3},
  month     = {jan},
  pages     = {035103},
  doi       = {10.1103/physrevb.85.035103},
  url       = {https://journals.aps.org/prb/abstract/10.1103/PhysRevB.85.035103},
  groups    = {������̬�����˰����},
  publisher = {American Physical Society ({APS})},
}

@Article{Weng_PRX2015,
  author    = {Hongming Weng and Chen Fang and Zhong Fang and B. Andrei Bernevig and Xi Dai},
  title     = {Weyl Semimetal Phase in Noncentrosymmetric Transition-Metal Monophosphides},
  journal   = {Phys. Rev. X},
  year      = {2015},
  volume    = {5},
  number    = {1},
  month     = {mar},
  pages     = {011029},
  doi       = {10.1103/physrevx.5.011029},
  url       = {https://journals.aps.org/prx/abstract/10.1103/PhysRevX.5.011029},
  groups    = {������̬�����˰����},
  publisher = {American Physical Society ({APS})},
}

@Article{Xu_S2015,
  author    = {S.-Y. Xu and I. Belopolski and N. Alidoust and M. Neupane and G. Bian and C. Zhang and R. Sankar and G. Chang and Z. Yuan and C.-C. Lee and S.-M. Huang and H. Zheng and J. Ma and D. S. Sanchez and B. Wang and A. Bansil and F. Chou and P. P. Shibayev and H. Lin and S. Jia and M. Z. Hasan},
  title     = {Discovery of a Weyl fermion semimetal and topological Fermi arcs},
  journal   = {Science},
  year      = {2015},
  volume    = {349},
  number    = {6248},
  month     = {jul},
  pages     = {613--617},
  doi       = {10.1126/science.aaa9297},
  url       = {https://science.sciencemag.org/content/349/6248/613},
  groups    = {������̬�����˰����},
  publisher = {American Association for the Advancement of Science ({AAAS})},
}

@Article{Huang_NC2015,
  author    = {Shin-Ming Huang and Su-Yang Xu and Ilya Belopolski and Chi-Cheng Lee and Guoqing Chang and BaoKai Wang and Nasser Alidoust and Guang Bian and Madhab Neupane and Chenglong Zhang and Shuang Jia and Arun Bansil and Hsin Lin and M. Zahid Hasan},
  title     = {A Weyl Fermion semimetal with surface Fermi arcs in the transition metal monopnictide {TaAs} class},
  journal   = {Nat. Commun.},
  year      = {2015},
  volume    = {6},
  number    = {1},
  month     = {jun},
  pages     = {8373},
  doi       = {10.1038/ncomms8373},
  url       = {https://www.nature.com/articles/ncomms8373},
  groups    = {������̬�����˰����},
  publisher = {Springer Science and Business Media {LLC}},
}

@Article{Yang_NP2015,
  author    = {L. X. Yang and Z. K. Liu and Y. Sun and H. Peng and H. F. Yang and T. Zhang and B. Zhou and Y. Zhang and Y. F. Guo and M. Rahn and D. Prabhakaran and Z. Hussain and S.-K. Mo and C. Felser and B. Yan and Y. L. Chen},
  title     = {Weyl semimetal phase in the non-centrosymmetric compound {TaAs}},
  journal   = {Nat. Phys.},
  year      = {2015},
  volume    = {11},
  number    = {9},
  month     = {aug},
  pages     = {728--732},
  doi       = {10.1038/nphys3425},
  url       = {https://www.nature.com/articles/nphys3425},
  groups    = {������̬�����˰����},
  publisher = {Springer Science and Business Media {LLC}},
}

@Article{Lv_PRX2015,
  author    = {B.{\hspace{0.167em}}Q. Lv and H.{\hspace{0.167em}}M. Weng and B.{\hspace{0.167em}}B. Fu and X.{\hspace{0.167em}}P. Wang and H. Miao and J. Ma and P. Richard and X.{\hspace{0.167em}}C. Huang and L.{\hspace{0.167em}}X. Zhao and G.{\hspace{0.167em}}F. Chen and Z. Fang and X. Dai and T. Qian and H. Ding},
  title     = {Experimental Discovery of Weyl Semimetal {TaAs}},
  journal   = {Phys. Rev. X},
  year      = {2015},
  volume    = {5},
  number    = {3},
  month     = {jul},
  pages     = {031013},
  doi       = {10.1103/physrevx.5.031013},
  url       = {https://journals.aps.org/prx/abstract/10.1103/PhysRevX.5.031013},
  groups    = {������̬�����˰����},
  publisher = {American Physical Society ({APS})},
}

@Article{Xu_NC2016,
  author    = {N. Xu and H. M. Weng and B. Q. Lv and C. E. Matt and J. Park and F. Bisti and V. N. Strocov and D. Gawryluk and E. Pomjakushina and K. Conder and N. C. Plumb and M. Radovic and G. Aut{\`{e}}s and O. V. Yazyev and Z. Fang and X. Dai and T. Qian and J. Mesot and H. Ding and M. Shi},
  title     = {Observation of Weyl nodes and Fermi arcs in tantalum phosphide},
  journal   = {Nat. Commun.},
  year      = {2016},
  volume    = {7},
  number    = {1},
  month     = {mar},
  pages     = {11006},
  doi       = {10.1038/ncomms11006},
  url       = {https://www.nature.com/articles/ncomms11006},
  groups    = {������̬�����˰����},
  publisher = {Springer Science and Business Media {LLC}},
}

@Article{Fang_NP2016,
  author    = {Chen Fang and Ling Lu and Junwei Liu and Liang Fu},
  title     = {Topological semimetals with helicoid surface states},
  journal   = {Nat. Phys.},
  year      = {2016},
  volume    = {12},
  number    = {10},
  month     = {jun},
  pages     = {936--941},
  doi       = {10.1038/nphys3782},
  url       = {https://www.nature.com/articles/nphys3782},
  groups    = {������̬�����˰����},
  publisher = {Springer Science and Business Media {LLC}},
}

@Article{Bian_NC2016,
  author    = {Guang Bian and Tay-Rong Chang and Raman Sankar and Su-Yang Xu and Hao Zheng and Titus Neupert and Ching-Kai Chiu and Shin-Ming Huang and Guoqing Chang and Ilya Belopolski and Daniel S. Sanchez and Madhab Neupane and Nasser Alidoust and Chang Liu and BaoKai Wang and Chi-Cheng Lee and Horng-Tay Jeng and Chenglong Zhang and Zhujun Yuan and Shuang Jia and Arun Bansil and Fangcheng Chou and Hsin Lin and M. Zahid Hasan},
  title     = {Topological nodal-line fermions in spin-orbit metal {PbTaSe}2},
  journal   = {Nat. Commun.},
  year      = {2016},
  volume    = {7},
  number    = {1},
  month     = {feb},
  pages     = {10556},
  doi       = {10.1038/ncomms10556},
  url       = {https://www.nature.com/articles/ncomms10556},
  groups    = {������̬�����˰����},
  publisher = {Springer Science and Business Media {LLC}},
}

@Article{Bian_PRB2016,
  author    = {Guang Bian and Tay-Rong Chang and Hao Zheng and Saavanth Velury and Su-Yang Xu and Titus Neupert and Ching-Kai Chiu and Shin-Ming Huang and Daniel S. Sanchez and Ilya Belopolski and Nasser Alidoust and Peng-Jen Chen and Guoqing Chang and Arun Bansil and Horng-Tay Jeng and Hsin Lin and M. Zahid Hasan},
  title     = {Drumhead surface states and topological nodal-line fermions in TlTaSe$_\text{2}$},
  journal   = {Phys. Rev. B},
  year      = {2016},
  volume    = {93},
  number    = {12},
  month     = {mar},
  pages     = {121113},
  doi       = {10.1103/physrevb.93.121113},
  url       = {https://journals.aps.org/prb/abstract/10.1103/PhysRevB.93.121113},
  groups    = {������̬�����˰����},
  publisher = {American Physical Society ({APS})},
}

@Article{Neupane_PRB2016,
  author    = {Madhab Neupane and Ilya Belopolski and M. Mofazzel Hosen and Daniel S. Sanchez and Raman Sankar and Maria Szlawska and Su-Yang Xu and Klauss Dimitri and Nagendra Dhakal and Pablo Maldonado and Peter M. Oppeneer and Dariusz Kaczorowski and Fangcheng Chou and M. Zahid Hasan and Tomasz Durakiewicz},
  title     = {Observation of topological nodal fermion semimetal phase in {ZrSiS}},
  journal   = {Phys. Rev. B},
  year      = {2016},
  volume    = {93},
  number    = {20},
  month     = {may},
  pages     = {201104},
  doi       = {10.1103/physrevb.93.201104},
  url       = {https://journals.aps.org/prb/abstract/10.1103/PhysRevB.93.201104},
  groups    = {������̬�����˰����},
  publisher = {American Physical Society ({APS})},
}

@Article{Schoop_NC2016,
  author    = {Leslie M. Schoop and Mazhar N. Ali and Carola Stra{\ss}er and Andreas Topp and Andrei Varykhalov and Dmitry Marchenko and Viola Duppel and Stuart S. P. Parkin and Bettina V. Lotsch and Christian R. Ast},
  title     = {Dirac cone protected by non-symmorphic symmetry and three-dimensional Dirac line node in {ZrSiS}},
  journal   = {Nat. Commun.},
  year      = {2016},
  volume    = {7},
  number    = {1},
  month     = {may},
  pages     = {11696},
  doi       = {10.1038/ncomms11696},
  url       = {https://www.nature.com/articles/ncomms11696},
  groups    = {������̬�����˰����},
  publisher = {Springer Science and Business Media {LLC}},
}

@Article{Takane_PRB2016,
  author    = {D. Takane and Zhiwei Wang and S. Souma and K. Nakayama and C. X. Trang and T. Sato and T. Takahashi and Yoichi Ando},
  title     = {Dirac-node arc in the topological line-node semimetal {HfSiS}},
  journal   = {Phys. Rev. B},
  year      = {2016},
  volume    = {94},
  number    = {12},
  month     = {sep},
  pages     = {121108},
  doi       = {10.1103/physrevb.94.121108},
  url       = {https://journals.aps.org/prb/abstract/10.1103/PhysRevB.94.121108},
  groups    = {������̬�����˰����},
  publisher = {American Physical Society ({APS})},
}

@Article{Armitage_RMP2018,
  author    = {N.{\hspace{0.167em}}P. Armitage and E.{\hspace{0.167em}}J. Mele and Ashvin Vishwanath},
  title     = {Weyl and Dirac semimetals in three-dimensional solids},
  journal   = {Rev. Mod. Phys.},
  year      = {2018},
  volume    = {90},
  number    = {1},
  month     = {jan},
  pages     = {015001},
  doi       = {10.1103/revmodphys.90.015001},
  url       = {https://journals.aps.org/rmp/abstract/10.1103/RevModPhys.90.015001},
  groups    = {������̬�����˰����},
  publisher = {American Physical Society ({APS})},
}

@Article{Li_PRL2009,
  author    = {Jian Li and Rui-Lin Chu and J. K. Jain and Shun-Qing Shen},
  title     = {Topological Anderson Insulator},
  journal   = {Phys. Rev. Lett.},
  year      = {2009},
  volume    = {102},
  number    = {13},
  month     = {apr},
  pages     = {136806},
  doi       = {10.1103/physrevlett.102.136806},
  url       = {https://journals.aps.org/prl/abstract/10.1103/PhysRevLett.102.136806},
  groups    = {������̬�����˰���ɭ��Ե��},
  publisher = {American Physical Society ({APS})},
}

@InCollection{Shen_B2017,
  author    = {Shun-Qing Shen},
  title     = {Topological Insulator},
  booktitle = {Springer Series in Solid-State Sciences},
  year      = {2017},
  publisher = {Springer Singapore},
  pages     = {231--241},
  doi       = {10.1007/978-981-10-4606-3_12},
  url       = {https://link.springer.com/chapter/10.1007/978-981-10-4606-3_12},
  groups    = {������̬�����˰���ɭ��Ե��},
}

@Book{Zeng_B2019,
  author    = {Bei Zeng and Xie Chen and Duan-Lu Zhou and Xiao-Gang Wen},
  title     = {Quantum Information Meets Quantum Matter},
  year      = {2019},
  publisher = {Springer New York},
  doi       = {10.1007/978-1-4939-9084-9},
  url       = {https://www.springer.com/gp/book/9781493990825},
  groups    = {������̬���Գ��Ա�����������},
}

@Article{Fu_PRB2014,
  author    = {Liang Fu},
  title     = {Odd-parity topological superconductor with nematic order: Application to Cu$_\text{x}$Bi$_\text{2}$Se$_\text{3}$},
  journal   = {Phys. Rev. B},
  year      = {2014},
  volume    = {90},
  number    = {10},
  month     = {sep},
  pages     = {100509},
  doi       = {10.1103/physrevb.90.100509},
  url       = {https://journals.aps.org/prb/abstract/10.1103/PhysRevB.90.100509},
  groups    = {������̬�����˳�����},
  publisher = {American Physical Society ({APS})},
}

@Article{Du_NC2017,
  author    = {Guan Du and Jifeng Shao and Xiong Yang and Zengyi Du and Delong Fang and Jinghui Wang and Kejing Ran and Jinsheng Wen and Changjin Zhang and Huan Yang and Yuheng Zhang and Hai-Hu Wen},
  title     = {Drive the Dirac electrons into Cooper pairs in Sr$_\text{x}$Bi$_\text{2}$Se$_\text{3}$},
  journal   = {Nat. Commun.},
  year      = {2017},
  volume    = {8},
  number    = {1},
  month     = {feb},
  pages     = {14466},
  doi       = {10.1038/ncomms14466},
  url       = {https://www.nature.com/articles/ncomms14466},
  groups    = {������̬�����˳�����},
  publisher = {Springer Science and Business Media {LLC}},
}

@Article{Hor_PRL2010,
  author    = {Y. S. Hor and A. J. Williams and J. G. Checkelsky and P. Roushan and J. Seo and Q. Xu and H. W. Zandbergen and A. Yazdani and N. P. Ong and R. J. Cava},
  title     = {Superconductivity in Cu$_\text{x}$Bi$_\text{2}$Se$_\text{3}$ and its Implications for Pairing in the Undoped Topological Insulator},
  journal   = {Phys. Rev. Lett.},
  year      = {2010},
  volume    = {104},
  number    = {5},
  month     = {feb},
  pages     = {057001},
  doi       = {10.1103/physrevlett.104.057001},
  url       = {https://journals.aps.org/prl/abstract/10.1103/PhysRevLett.104.057001},
  groups    = {������̬�����˳�����},
  publisher = {American Physical Society ({APS})},
}

@Article{Fu_PRL2010,
  author    = {Liang Fu and Erez Berg},
  title     = {Odd-Parity Topological Superconductors: Theory and Application to Cu$_\text{x}$Bi$_\text{2}$Se$_\text{3}$},
  journal   = {Phys. Rev. Lett.},
  year      = {2010},
  volume    = {105},
  number    = {9},
  month     = {aug},
  pages     = {097001},
  doi       = {10.1103/physrevlett.105.097001},
  url       = {https://journals.aps.org/prl/abstract/10.1103/PhysRevLett.105.097001},
  groups    = {������̬�����˳�����},
  publisher = {American Physical Society ({APS})},
}

@Article{Smylie_PRB2017,
  author    = {M. P. Smylie and K. Willa and H. Claus and A. Snezhko and I. Martin and W.-K. Kwok and Y. Qiu and Y. S. Hor and E. Bokari and P. Niraula and A. Kayani and V. Mishra and U. Welp},
  title     = {Robust odd-parity superconductivity in the doped topological insulator {NbxBi}2Se3},
  journal   = {Phys. Rev. B},
  year      = {2017},
  volume    = {96},
  number    = {11},
  month     = {sep},
  pages     = {115145},
  doi       = {10.1103/physrevb.96.115145},
  url       = {https://journals.aps.org/prb/abstract/10.1103/PhysRevB.96.115145},
  groups    = {������̬�����˳�����},
  publisher = {American Physical Society ({APS})},
}

@Article{Liu_PRX2018,
  author    = {Qin Liu and Chen Chen and Tong Zhang and Rui Peng and Ya-Jun Yan and Chen-Hao-Ping Wen and Xia Lou and Yu-Long Huang and Jin-Peng Tian and Xiao-Li Dong and Guang-Wei Wang and Wei-Cheng Bao and Qiang-Hua Wang and Zhi-Ping Yin and Zhong-Xian Zhao and Dong-Lai Feng},
  title     = {Robust and Clean Majorana Zero Mode in the Vortex Core of High-Temperature Superconductor (Li0.84Fe0.16){OHFeSe}},
  journal   = {Phys. Rev. X},
  year      = {2018},
  volume    = {8},
  number    = {4},
  month     = {dec},
  pages     = {041056},
  doi       = {10.1103/physrevx.8.041056},
  url       = {https://journals.aps.org/prx/abstract/10.1103/PhysRevX.8.041056},
  groups    = {������̬�����˳�����},
  publisher = {American Physical Society ({APS})},
}

@Article{Wang_S2018,
  author    = {Dongfei Wang and Lingyuan Kong and Peng Fan and Hui Chen and Shiyu Zhu and Wenyao Liu and Lu Cao and Yujie Sun and Shixuan Du and John Schneeloch and Ruidan Zhong and Genda Gu and Liang Fu and Hong Ding and Hong-Jun Gao},
  title     = {Evidence for Majorana bound states in an iron-based superconductor},
  journal   = {Science},
  year      = {2018},
  volume    = {362},
  number    = {6412},
  month     = {aug},
  pages     = {333--335},
  doi       = {10.1126/science.aao1797},
  url       = {https://science.sciencemag.org/content/362/6412/333},
  groups    = {������̬�����˳�����},
  publisher = {American Association for the Advancement of Science ({AAAS})},
}

@Article{Wu_PRL2006,
  author    = {Congjun Wu and B. Andrei Bernevig and Shou-Cheng Zhang},
  title     = {Helical Liquid and the Edge of Quantum Spin Hall Systems},
  journal   = {Phys. Rev. Lett.},
  year      = {2006},
  volume    = {96},
  number    = {10},
  month     = {mar},
  pages     = {106401},
  doi       = {10.1103/physrevlett.96.106401},
  url       = {https://journals.aps.org/prl/abstract/10.1103/PhysRevLett.96.106401},
  groups    = {������̬�����˾�Ե��},
  publisher = {American Physical Society ({APS})},
}

@Article{Fidkowski_PRB2011,
  author    = {Lukasz Fidkowski and Alexei Kitaev},
  title     = {Topological phases of fermions in one dimension},
  journal   = {Phys. Rev. B},
  year      = {2011},
  volume    = {83},
  number    = {7},
  month     = {feb},
  pages     = {075103},
  doi       = {10.1103/physrevb.83.075103},
  url       = {https://journals.aps.org/prb/abstract/10.1103/PhysRevB.83.075103},
  groups    = {������̬��һά��ϵ},
  publisher = {American Physical Society ({APS})},
}

@Article{Fidkowski_PRB2010,
  author    = {Lukasz Fidkowski and Alexei Kitaev},
  title     = {Effects of interactions on the topological classification of free fermion systems},
  journal   = {Phys. Rev. B},
  year      = {2010},
  volume    = {81},
  number    = {13},
  month     = {apr},
  pages     = {134509},
  doi       = {10.1103/physrevb.81.134509},
  url       = {https://journals.aps.org/prb/abstract/10.1103/PhysRevB.81.134509},
  groups    = {������̬��һά��ϵ},
  publisher = {American Physical Society ({APS})},
}

@Article{Hohenadler_PRL2011,
  author    = {M. Hohenadler and T. C. Lang and F. F. Assaad},
  title     = {Correlation Effects in Quantum Spin-Hall Insulators: A Quantum Monte Carlo Study},
  journal   = {Phys. Rev. Lett.},
  year      = {2011},
  volume    = {106},
  number    = {10},
  month     = {mar},
  pages     = {100403},
  doi       = {10.1103/physrevlett.106.100403},
  url       = {https://journals.aps.org/prl/abstract/10.1103/PhysRevLett.106.100403},
  groups    = {������̬�����˾�Ե��},
  publisher = {American Physical Society ({APS})},
}

@Article{Griset_PRB2012,
  author    = {Christian Griset and Cenke Xu},
  title     = {Phase diagram of the Kane-Mele-Hubbard model},
  journal   = {Phys. Rev. B},
  year      = {2012},
  volume    = {85},
  number    = {4},
  month     = {jan},
  pages     = {045123},
  doi       = {10.1103/physrevb.85.045123},
  url       = {https://journals.aps.org/prb/abstract/10.1103/PhysRevB.85.045123},
  groups    = {������̬�����˾�Ե��},
  publisher = {American Physical Society ({APS})},
}

@Article{Li_PRB2015,
  author    = {Qing-Xiao Li and Rong-Qiang He and Zhong-Yi Lu},
  title     = {Correlated Dirac semimetal by periodized cluster dynamical mean-field theory},
  journal   = {Phys. Rev. B},
  year      = {2015},
  volume    = {92},
  number    = {15},
  month     = {oct},
  pages     = {155127},
  doi       = {10.1103/physrevb.92.155127},
  url       = {https://journals.aps.org/prb/abstract/10.1103/PhysRevB.92.155127},
  groups    = {������̬�����˾�Ե��},
  publisher = {American Physical Society ({APS})},
}

@Article{Sirker_JSMTE2014,
  author    = {J Sirker and M Maiti and N P Konstantinidis and N Sedlmayr},
  title     = {Boundary fidelity and entanglement in the symmetry protected topological phase of the {SSH} model},
  journal   = {J. Stat. Mech: Theory Exp.},
  year      = {2014},
  volume    = {2014},
  number    = {10},
  month     = {oct},
  pages     = {P10032},
  doi       = {10.1088/1742-5468/2014/10/p10032},
  url       = {https://iopscience.iop.org/article/10.1088/1742-5468/2014/10/P10032},
  groups    = {������̬��һά��ϵ},
  publisher = {{IOP} Publishing},
}

@Article{Guo_PRB2011,
  author    = {Huaiming Guo and Shun-Qing Shen},
  title     = {Topological phase in a one-dimensional interacting fermion system},
  journal   = {Phys. Rev. B},
  year      = {2011},
  volume    = {84},
  number    = {19},
  month     = {nov},
  pages     = {195107},
  doi       = {10.1103/physrevb.84.195107},
  url       = {https://journals.aps.org/prb/abstract/10.1103/PhysRevB.84.195107},
  groups    = {������̬��һά��ϵ},
  publisher = {American Physical Society ({APS})},
}

@Article{Juenemann_PRX2017,
  author    = {J. J��nemann and A. Piga and S.-J. Ran and M. Lewenstein and M. Rizzi and A. Bermudez},
  title     = {Exploring Interacting Topological Insulators with Ultracold Atoms: The Synthetic Creutz-Hubbard Model},
  journal   = {Phys. Rev. X},
  year      = {2017},
  volume    = {7},
  number    = {3},
  month     = {sep},
  pages     = {031057},
  doi       = {10.1103/physrevx.7.031057},
  url       = {https://journals.aps.org/prx/abstract/10.1103/PhysRevX.7.031057},
  groups    = {������̬��һά��ϵ},
  publisher = {American Physical Society ({APS})},
}

@Article{Rachel_PRB2010,
  author    = {Stephan Rachel and Karyn Le Hur},
  title     = {Topological insulators and Mott physics from the Hubbard interaction},
  journal   = {Phys. Rev. B},
  year      = {2010},
  volume    = {82},
  number    = {7},
  month     = {aug},
  pages     = {075106},
  doi       = {10.1103/physrevb.82.075106},
  url       = {https://journals.aps.org/prb/abstract/10.1103/PhysRevB.82.075106},
  groups    = {������̬�����˾�Ե��},
  publisher = {American Physical Society ({APS})},
}

@Article{Soriano_PRB2010,
  author    = {D. Soriano and J. Fern{\'{a}}ndez-Rossier},
  title     = {Spontaneous persistent currents in a quantum spin Hall insulator},
  journal   = {Phys. Rev. B},
  year      = {2010},
  volume    = {82},
  number    = {16},
  month     = {oct},
  pages     = {161302},
  doi       = {10.1103/physrevb.82.161302},
  url       = {https://journals.aps.org/prb/abstract/10.1103/PhysRevB.82.161302},
  groups    = {������̬�����˾�Ե��},
  publisher = {American Physical Society ({APS})},
}

@Article{Lee_PRL2011,
  author    = {Dung-Hai Lee},
  title     = {Effects of Interaction on Quantum Spin Hall Insulators},
  journal   = {Phys. Rev. Lett.},
  year      = {2011},
  volume    = {107},
  number    = {16},
  month     = {oct},
  pages     = {166806},
  doi       = {10.1103/physrevlett.107.166806},
  url       = {https://journals.aps.org/prl/abstract/10.1103/PhysRevLett.107.166806},
  groups    = {������̬�����˾�Ե��},
  publisher = {American Physical Society ({APS})},
}

@Article{Hohenadler_PRB2012,
  author    = {M. Hohenadler and Z. Y. Meng and T. C. Lang and S. Wessel and A. Muramatsu and F. F. Assaad},
  title     = {Quantum phase transitions in the Kane-Mele-Hubbard model},
  journal   = {Phys. Rev. B},
  year      = {2012},
  volume    = {85},
  number    = {11},
  month     = {mar},
  pages     = {115132},
  doi       = {10.1103/physrevb.85.115132},
  url       = {https://journals.aps.org/prb/abstract/10.1103/PhysRevB.85.115132},
  groups    = {������̬�����˾�Ե��},
  publisher = {American Physical Society ({APS})},
}

@Article{Yamaji_PRB2011,
  author    = {Youhei Yamaji and Masatoshi Imada},
  title     = {Mott physics on helical edges of two-dimensional topological insulators},
  journal   = {Phys. Rev. B},
  year      = {2011},
  volume    = {83},
  number    = {20},
  month     = {may},
  pages     = {205122},
  doi       = {10.1103/physrevb.83.205122},
  url       = {https://journals.aps.org/prb/abstract/10.1103/PhysRevB.83.205122},
  groups    = {������̬�����˾�Ե��},
  publisher = {American Physical Society ({APS})},
}

@Article{Zheng_PRB2011,
  author    = {Dong Zheng and Guang-Ming Zhang and Congjun Wu},
  title     = {Particle-hole symmetry and interaction effects in the Kane-Mele-Hubbard model},
  journal   = {Phys. Rev. B},
  year      = {2011},
  volume    = {84},
  number    = {20},
  month     = {nov},
  pages     = {205121},
  doi       = {10.1103/physrevb.84.205121},
  url       = {https://journals.aps.org/prb/abstract/10.1103/PhysRevB.84.205121},
  groups    = {������̬�����˾�Ե��},
  publisher = {American Physical Society ({APS})},
}

@Article{Zeng_PRB2017,
  author    = {Tian-Sheng Zeng and W. Zhu and Jian-Xin Zhu and D. N. Sheng},
  title     = {Nature of continuous phase transitions in interacting topological insulators},
  journal   = {Phys. Rev. B},
  year      = {2017},
  volume    = {96},
  number    = {19},
  month     = {nov},
  pages     = {195118},
  doi       = {10.1103/physrevb.96.195118},
  url       = {https://journals.aps.org/prb/abstract/10.1103/PhysRevB.96.195118},
  groups    = {������̬�����˾�Ե��},
  publisher = {American Physical Society ({APS})},
}

@Article{Tada_PRB2012,
  author    = {Y. Tada and R. Peters and M. Oshikawa and A. Koga and N. Kawakami and S. Fujimoto},
  title     = {Correlation effects in two-dimensional topological insulators},
  journal   = {Phys. Rev. B},
  year      = {2012},
  volume    = {85},
  number    = {16},
  month     = {apr},
  pages     = {165138},
  doi       = {10.1103/physrevb.85.165138},
  url       = {https://journals.aps.org/prb/abstract/10.1103/PhysRevB.85.165138},
  groups    = {������̬�����˾�Ե��},
  publisher = {American Physical Society ({APS})},
}

@Article{Yoshida_PRB2012,
  author    = {Tsuneya Yoshida and Satoshi Fujimoto and Norio Kawakami},
  title     = {Correlation effects on a topological insulator at finite temperatures},
  journal   = {Phys. Rev. B},
  year      = {2012},
  volume    = {85},
  number    = {12},
  month     = {mar},
  pages     = {125113},
  doi       = {10.1103/physrevb.85.125113},
  url       = {https://journals.aps.org/prb/abstract/10.1103/PhysRevB.85.125113},
  groups    = {������̬�����˾�Ե��},
  publisher = {American Physical Society ({APS})},
}

@Article{Yoshida_PRB2013,
  author    = {Tsuneya Yoshida and Robert Peters and Satoshi Fujimoto and Norio Kawakami},
  title     = {Topological antiferromagnetic phase in a correlated Bernevig-Hughes-Zhang model},
  journal   = {Phys. Rev. B},
  year      = {2013},
  volume    = {87},
  number    = {8},
  month     = {feb},
  pages     = {085134},
  doi       = {10.1103/physrevb.87.085134},
  url       = {https://journals.aps.org/prb/abstract/10.1103/PhysRevB.87.085134},
  groups    = {������̬�����˾�Ե��},
  publisher = {American Physical Society ({APS})},
}

@Article{Miyakoshi_PRB2013,
  author    = {S. Miyakoshi and Y. Ohta},
  title     = {Antiferromagnetic topological insulator state in the correlated Bernevig-Hughes-Zhang model},
  journal   = {Phys. Rev. B},
  year      = {2013},
  volume    = {87},
  number    = {19},
  month     = {may},
  pages     = {195133},
  doi       = {10.1103/physrevb.87.195133},
  url       = {https://journals.aps.org/prb/abstract/10.1103/PhysRevB.87.195133},
  groups    = {������̬�����˾�Ե��},
  publisher = {American Physical Society ({APS})},
}

@Article{Wang_PRB2013,
  author    = {Chong Wang and Andrew C. Potter and T. Senthil},
  title     = {Gapped symmetry preserving surface state for the electron topological insulator},
  journal   = {Phys. Rev. B},
  year      = {2013},
  volume    = {88},
  number    = {11},
  month     = {sep},
  pages     = {115137},
  doi       = {10.1103/physrevb.88.115137},
  url       = {https://journals.aps.org/prb/abstract/10.1103/PhysRevB.88.115137},
  groups    = {������̬�����˾�Ե��, ������̬������������},
  publisher = {American Physical Society ({APS})},
}

@Article{Metlitski_PRB2015,
  author    = {Max A. Metlitski and C. L. Kane and Matthew P. A. Fisher},
  title     = {Symmetry-respecting topologically ordered surface phase of three-dimensional electron topological insulators},
  journal   = {Phys. Rev. B},
  year      = {2015},
  volume    = {92},
  number    = {12},
  month     = {sep},
  pages     = {125111},
  doi       = {10.1103/physrevb.92.125111},
  url       = {https://journals.aps.org/prb/abstract/10.1103/PhysRevB.92.125111},
  groups    = {������̬������������},
  publisher = {American Physical Society ({APS})},
}

@Article{Seiberg_PTEP2016,
  author    = {Nathan Seiberg and Edward Witten},
  title     = {Gapped boundary phases of topological insulators via weak coupling},
  journal   = {Prog. Theor. Exp. Phys.},
  year      = {2016},
  volume    = {2016},
  number    = {12},
  month     = {nov},
  pages     = {12C101},
  doi       = {10.1093/ptep/ptw083},
  url       = {https://academic.oup.com/ptep/article/2016/12/12C101/2624087},
  groups    = {������̬������������},
  publisher = {Oxford University Press ({OUP})},
}

@Article{He_PRB2016,
  author    = {Yuan-Yao He and Han-Qing Wu and Zi Yang Meng and Zhong-Yi Lu},
  title     = {Topological invariants for interacting topological insulators. {II}. Breakdown of single-particle Green's function formalism},
  journal   = {Phys. Rev. B},
  year      = {2016},
  volume    = {93},
  number    = {19},
  month     = {may},
  pages     = {195164},
  doi       = {10.1103/physrevb.93.195164},
  url       = {https://journals.aps.org/prb/abstract/10.1103/PhysRevB.93.195164},
  groups    = {������̬�����˲�����},
  publisher = {American Physical Society ({APS})},
}

@Article{Krempa_PRL2014,
  author    = {William Witczak-Krempa and Michael Knap and Dmitry Abanin},
  title     = {Interacting Weyl Semimetals: Characterization via the Topological Hamiltonian and its Breakdown},
  journal   = {Phys. Rev. Lett.},
  year      = {2014},
  volume    = {113},
  number    = {13},
  month     = {sep},
  pages     = {136402},
  doi       = {10.1103/physrevlett.113.136402},
  url       = {https://journals.aps.org/prl/abstract/10.1103/PhysRevLett.113.136402},
  groups    = {������̬�����˲�����},
  publisher = {American Physical Society ({APS})},
}

@Article{Chen_RP2017,
  author    = {Xie Chen},
  title     = {Symmetry fractionalization in two dimensional topological phases},
  journal   = {Rev. Phys.},
  year      = {2017},
  volume    = {2},
  month     = {nov},
  pages     = {3--18},
  doi       = {10.1016/j.revip.2017.02.002},
  url       = {https://www.sciencedirect.com/science/article/pii/S2405428317300023?via%3Dihub},
  groups    = {������̬������������},
  publisher = {Elsevier {BV}},
}

@Article{Cheng_PRL2018,
  author    = {Meng Cheng},
  title     = {Microscopic Theory of Surface Topological Order for Topological Crystalline Superconductors},
  journal   = {Phys. Rev. Lett.},
  year      = {2018},
  volume    = {120},
  number    = {3},
  month     = {jan},
  pages     = {036801},
  doi       = {10.1103/physrevlett.120.036801},
  url       = {https://journals.aps.org/prl/abstract/10.1103/PhysRevLett.120.036801},
  groups    = {������̬������������},
  publisher = {American Physical Society ({APS})},
}

@Article{Niu_PRB1985,
  author    = {Qian Niu and D. J. Thouless and Yong-Shi Wu},
  title     = {Quantized Hall conductance as a topological invariant},
  journal   = {Phys. Rev. B},
  year      = {1985},
  volume    = {31},
  number    = {6},
  month     = {mar},
  pages     = {3372--3377},
  doi       = {10.1103/physrevb.31.3372},
  url       = {https://journals.aps.org/prb/abstract/10.1103/PhysRevB.31.3372},
  groups    = {������̬�����˲�����},
  publisher = {American Physical Society ({APS})},
}

@Article{Gu_PRB2009,
  author    = {Zheng-Cheng Gu and Xiao-Gang Wen},
  title     = {Tensor-entanglement-filtering renormalization approach and symmetry-protected topological order},
  journal   = {Phys. Rev. B},
  year      = {2009},
  volume    = {80},
  number    = {15},
  month     = {oct},
  pages     = {155131},
  doi       = {10.1103/physrevb.80.155131},
  url       = {https://journals.aps.org/prb/abstract/10.1103/PhysRevB.80.155131},
  groups    = {������̬���Գ��Ա�����������},
  publisher = {American Physical Society ({APS})},
}

@Article{Senthil_ARCMP2015,
  author    = {T. Senthil},
  title     = {Symmetry-Protected Topological Phases of Quantum Matter},
  journal   = {Annu. Rev. Condens. Matter Phys.},
  year      = {2015},
  volume    = {6},
  number    = {1},
  month     = {mar},
  pages     = {299--324},
  doi       = {10.1146/annurev-conmatphys-031214-014740},
  url       = {http://www.annualreviews.org/doi/10.1146/annurev-conmatphys-031214-014740},
  groups    = {������̬���Գ��Ա�����������},
  publisher = {Annual Reviews},
}

@Article{Wen_PRB2012,
  author    = {Xiao-Gang Wen},
  title     = {Symmetry-protected topological phases in noninteracting fermion systems},
  journal   = {Phys. Rev. B},
  year      = {2012},
  volume    = {85},
  number    = {8},
  month     = {feb},
  pages     = {085103},
  doi       = {10.1103/physrevb.85.085103},
  url       = {https://journals.aps.org/prb/abstract/10.1103/PhysRevB.85.085103},
  groups    = {������̬���Գ��Ա�����������},
  publisher = {American Physical Society ({APS})},
}

@Article{Wen_PRB2014,
  author    = {Xiao-Gang Wen},
  title     = {Symmetry-protected topological invariants of symmetry-protected topological phases of interacting bosons and fermions},
  journal   = {Phys. Rev. B},
  year      = {2014},
  volume    = {89},
  number    = {3},
  month     = {jan},
  pages     = {035147},
  doi       = {10.1103/physrevb.89.035147},
  url       = {https://journals.aps.org/prb/abstract/10.1103/PhysRevB.89.035147},
  groups    = {������̬���Գ��Ա�����������},
  publisher = {American Physical Society ({APS})},
}

@Article{Pollmann_PRB2010,
  author    = {Frank Pollmann and Ari M. Turner and Erez Berg and Masaki Oshikawa},
  title     = {Entanglement spectrum of a topological phase in one dimension},
  journal   = {Phys. Rev. B},
  year      = {2010},
  volume    = {81},
  number    = {6},
  month     = {feb},
  pages     = {064439},
  doi       = {10.1103/physrevb.81.064439},
  url       = {https://journals.aps.org/prb/abstract/10.1103/PhysRevB.81.064439},
  groups    = {������̬��һά��ϵ},
  publisher = {American Physical Society ({APS})},
}

@Article{Chen_S2012,
  author    = {X. Chen and Z.-C. Gu and Z.-X. Liu and X.-G. Wen},
  title     = {Symmetry-Protected Topological Orders in Interacting Bosonic Systems},
  journal   = {Science},
  year      = {2012},
  volume    = {338},
  number    = {6114},
  month     = {dec},
  pages     = {1604--1606},
  doi       = {10.1126/science.1227224},
  url       = {https://science.sciencemag.org/content/338/6114/1604},
  groups    = {������̬���Գ��Ա�����������},
  publisher = {American Association for the Advancement of Science ({AAAS})},
}

@Article{Haldane_PRL1983,
  author    = {F. D. M. Haldane},
  title     = {Nonlinear Field Theory of Large-Spin Heisenberg Antiferromagnets: Semiclassically Quantized Solitons of the One-Dimensional Easy-Axis N{\'{e}}el State},
  journal   = {Phys. Rev. Lett.},
  year      = {1983},
  volume    = {50},
  number    = {15},
  month     = {apr},
  pages     = {1153--1156},
  doi       = {10.1103/physrevlett.50.1153},
  url       = {http://link.aps.org/doi/10.1103/PhysRevLett.50.1153},
  groups    = {������̬��һά��ϵ},
  publisher = {American Physical Society ({APS})},
}

@Article{Affleck_PRL1987,
  author    = {Ian Affleck and Tom Kennedy and Elliott H. Lieb and Hal Tasaki},
  title     = {Rigorous results on valence-bond ground states in antiferromagnets},
  journal   = {Phys. Rev. Lett.},
  year      = {1987},
  volume    = {59},
  number    = {7},
  month     = {aug},
  pages     = {799--802},
  doi       = {10.1103/physrevlett.59.799},
  url       = {https://journals.aps.org/prl/abstract/10.1103/PhysRevLett.59.799},
  groups    = {������̬��һά��ϵ},
  publisher = {American Physical Society ({APS})},
}

@Article{Chen_PRB2013,
  author    = {Xie Chen and Zheng-Cheng Gu and Zheng-Xin Liu and Xiao-Gang Wen},
  title     = {Symmetry protected topological orders and the group cohomology of their symmetry group},
  journal   = {Phys. Rev. B},
  year      = {2013},
  volume    = {87},
  number    = {15},
  month     = {apr},
  pages     = {155114},
  doi       = {10.1103/physrevb.87.155114},
  url       = {https://journals.aps.org/prb/abstract/10.1103/PhysRevB.87.155114},
  groups    = {������̬���Գ��Ա�����������},
  publisher = {American Physical Society ({APS})},
}

@Article{Pollmann_PRB2012,
  author    = {Frank Pollmann and Ari M. Turner},
  title     = {Detection of symmetry-protected topological phases in one dimension},
  journal   = {Phys. Rev. B},
  year      = {2012},
  volume    = {86},
  number    = {12},
  month     = {sep},
  pages     = {125441},
  doi       = {10.1103/physrevb.86.125441},
  url       = {https://journals.aps.org/prb/abstract/10.1103/PhysRevB.86.125441},
  groups    = {������̬��һά��ϵ},
  publisher = {American Physical Society ({APS})},
}

@Article{Pollmann_PRB2012a,
  author    = {Frank Pollmann and Erez Berg and Ari M. Turner and Masaki Oshikawa},
  title     = {Symmetry protection of topological phases in one-dimensional quantum spin systems},
  journal   = {Phys. Rev. B},
  year      = {2012},
  volume    = {85},
  number    = {7},
  month     = {feb},
  pages     = {075125},
  doi       = {10.1103/physrevb.85.075125},
  url       = {https://journals.aps.org/prb/abstract/10.1103/PhysRevB.85.075125},
  groups    = {������̬��һά��ϵ},
  publisher = {American Physical Society ({APS})},
}

@Article{Liu_PRB2011,
  author    = {Zheng-Xin Liu and Xie Chen and Xiao-Gang Wen},
  title     = {Symmetry-protected topological orders of one-dimensional spin systems with D$_{\text{2}}+$T symmetry},
  journal   = {Phys. Rev. B},
  year      = {2011},
  volume    = {84},
  number    = {19},
  month     = {nov},
  pages     = {195145},
  doi       = {10.1103/physrevb.84.195145},
  url       = {https://journals.aps.org/prb/abstract/10.1103/PhysRevB.84.195145},
  groups    = {������̬��һά��ϵ},
  publisher = {American Physical Society ({APS})},
}

@Article{Morimoto_PRB2015,
  author    = {Takahiro Morimoto and Akira Furusaki and Christopher Mudry},
  title     = {Breakdown of the topological {classificationZfor} gapped phases of noninteracting fermions by quartic interactions},
  journal   = {Phys. Rev. B},
  year      = {2015},
  volume    = {92},
  number    = {12},
  month     = {sep},
  pages     = {125104},
  doi       = {10.1103/physrevb.92.125104},
  url       = {https://journals.aps.org/prb/abstract/10.1103/PhysRevB.92.125104},
  groups    = {������̬�����˾�Ե��},
  publisher = {American Physical Society ({APS})},
}

@Article{Raghu_PRL2008,
  author    = {S. Raghu and Xiao-Liang Qi and C. Honerkamp and Shou-Cheng Zhang},
  title     = {Topological Mott Insulators},
  journal   = {Phys. Rev. Lett.},
  year      = {2008},
  volume    = {100},
  number    = {15},
  month     = {apr},
  pages     = {156401},
  doi       = {10.1103/physrevlett.100.156401},
  url       = {https://journals.aps.org/prl/abstract/10.1103/PhysRevLett.100.156401},
  groups    = {������̬�����˾�Ե��},
  publisher = {American Physical Society ({APS})},
}

@Article{Maciejko_NP2015,
  author    = {Joseph Maciejko and Gregory A. Fiete},
  title     = {Fractionalized topological insulators},
  journal   = {Nat. Phys.},
  year      = {2015},
  volume    = {11},
  number    = {5},
  month     = {apr},
  pages     = {385--388},
  doi       = {10.1038/nphys3311},
  url       = {http://www.nature.com/doifinder/10.1038/nphys3311},
  groups    = {������̬��������},
  publisher = {Springer Science and Business Media {LLC}},
}

@Article{Liu_PRL2012,
  author    = {Zhao Liu and Emil J. Bergholtz and Heng Fan and Andreas M. Lauchli},
  title     = {Fractional Chern Insulators in Topological Flat Bands with Higher Chern Number},
  journal   = {Phys. Rev. Lett.},
  year      = {2012},
  volume    = {109},
  number    = {18},
  month     = {nov},
  pages     = {186805},
  doi       = {10.1103/physrevlett.109.186805},
  url       = {https://journals.aps.org/prl/abstract/10.1103/PhysRevLett.109.186805},
  groups    = {������̬�������¾�Ե��},
  publisher = {American Physical Society ({APS})},
}

@Article{Neupert_PS2015,
  author    = {Titus Neupert and Claudio Chamon and Thomas Iadecola and Luiz H Santos and Christopher Mudry},
  title     = {Fractional (Chern and topological) insulators},
  journal   = {Phys. Scr.},
  year      = {2015},
  volume    = {T164},
  month     = {aug},
  pages     = {014005},
  doi       = {10.1088/0031-8949/2015/t164/014005},
  url       = {https://iopscience.iop.org/article/10.1088/0031-8949/2015/T164/014005},
  groups    = {������̬�������¾�Ե��},
  publisher = {{IOP} Publishing},
}

@Article{Mong_PRX2014,
  author    = {Roger S.{\hspace{0.167em}}K. Mong and David J. Clarke and Jason Alicea and Netanel H. Lindner and Paul Fendley and Chetan Nayak and Yuval Oreg and Ady Stern and Erez Berg and Kirill Shtengel and Matthew P.{\hspace{0.167em}}A. Fisher},
  title     = {Universal Topological Quantum Computation from a Superconductor-Abelian Quantum Hall Heterostructure},
  journal   = {Phys. Rev. X},
  year      = {2014},
  volume    = {4},
  number    = {1},
  month     = {mar},
  pages     = {011036},
  doi       = {10.1103/physrevx.4.011036},
  url       = {https://journals.aps.org/prx/abstract/10.1103/PhysRevX.4.011036},
  groups    = {������̬��������},
  publisher = {American Physical Society ({APS})},
}

@Article{Stoudenmire_PRB2015,
  author    = {E. M. Stoudenmire and David J. Clarke and Roger S. K. Mong and Jason Alicea},
  title     = {Assembling Fibonacci anyons from {aZ}3parafermion lattice model},
  journal   = {Phys. Rev. B},
  year      = {2015},
  volume    = {91},
  number    = {23},
  month     = {jun},
  pages     = {235112},
  doi       = {10.1103/physrevb.91.235112},
  url       = {https://journals.aps.org/prb/abstract/10.1103/PhysRevB.91.235112},
  groups    = {������̬��������},
  publisher = {American Physical Society ({APS})},
}

@Article{Vaezi_PRX2014,
  author    = {Abolhassan Vaezi},
  title     = {Superconducting Analogue of the Parafermion Fractional Quantum Hall States},
  journal   = {Phys. Rev. X},
  year      = {2014},
  volume    = {4},
  number    = {3},
  month     = {jul},
  pages     = {031009},
  doi       = {10.1103/physrevx.4.031009},
  url       = {https://journals.aps.org/prx/abstract/10.1103/PhysRevX.4.031009},
  groups    = {������̬��������},
  publisher = {American Physical Society ({APS})},
}

@Article{Teo_PRB2014,
  author    = {Jeffrey C. Y. Teo and C. L. Kane},
  title     = {From Luttinger liquid to non-Abelian quantum Hall states},
  journal   = {Phys. Rev. B},
  year      = {2014},
  volume    = {89},
  number    = {8},
  month     = {feb},
  pages     = {085101},
  doi       = {10.1103/physrevb.89.085101},
  url       = {https://journals.aps.org/prb/abstract/10.1103/PhysRevB.89.085101},
  groups    = {������̬��������},
  publisher = {American Physical Society ({APS})},
}

@Article{Liu_PRB2013,
  author    = {Zhao Liu and Emil J. Bergholtz and Eliot Kapit},
  title     = {Non-Abelian fractional Chern insulators from long-range interactions},
  journal   = {Phys. Rev. B},
  year      = {2013},
  volume    = {88},
  number    = {20},
  month     = {nov},
  pages     = {205101},
  doi       = {10.1103/physrevb.88.205101},
  url       = {https://journals.aps.org/prb/abstract/10.1103/PhysRevB.88.205101},
  groups    = {������̬�������¾�Ե��},
  publisher = {American Physical Society ({APS})},
}

@Article{Nayak_RMP2008,
  author    = {Chetan Nayak and Steven H. Simon and Ady Stern and Michael Freedman and Sankar Das Sarma},
  title     = {Non-Abelian anyons and topological quantum computation},
  journal   = {Rev. Mod. Phys.},
  year      = {2008},
  volume    = {80},
  number    = {3},
  month     = {sep},
  pages     = {1083--1159},
  doi       = {10.1103/revmodphys.80.1083},
  url       = {https://journals.aps.org/rmp/abstract/10.1103/RevModPhys.80.1083},
  groups    = {������̬��������},
  publisher = {American Physical Society ({APS})},
}

@Article{Alicea_ARCMP2016,
  author    = {Jason Alicea and Paul Fendley},
  title     = {Topological Phases with Parafermions: Theory and Blueprints},
  journal   = {Annu. Rev. Condens. Matter Phys.},
  year      = {2016},
  volume    = {7},
  number    = {1},
  month     = {mar},
  pages     = {119--139},
  doi       = {10.1146/annurev-conmatphys-031115-011336},
  url       = {https://www.annualreviews.org/doi/10.1146/annurev-conmatphys-031115-011336},
  groups    = {������̬��������},
  publisher = {Annual Reviews},
}

@Article{Wen_QM2019,
  author    = {Jinsheng Wen and Shun-Li Yu and Shiyan Li and Weiqiang Yu and Jian-Xin Li},
  title     = {Experimental identification of quantum spin liquids},
  journal   = {npj Quantum Materials},
  year      = {2019},
  volume    = {4},
  number    = {1},
  month     = {apr},
  pages     = {12},
  doi       = {10.1038/s41535-019-0151-6},
  url       = {https://www.nature.com/articles/s41535-019-0151-6},
  groups    = {����Һ��},
  publisher = {Springer Nature},
}

@Article{Takagi_arXiv2019,
  author  = {Hidenori Takagi and Tomohiro Takayama and George Jackeli and Giniyat Khaliullin and Stephen E. Nagler},
  title   = {Kitaev quantum spin liquid - concept and materialization},
  journal = {arXiv:1903.08081},
  year    = {2019},
  url     = {https://arxiv.org/abs/1903.08081},
  groups  = {����Һ��},
}

@Article{Ozawa_RMP2019,
  author    = {Tomoki Ozawa and Hannah M. Price and Alberto Amo and Nathan Goldman and Mohammad Hafezi and Ling Lu and Mikael C. Rechtsman and David Schuster and Jonathan Simon and Oded Zilberberg and Iacopo Carusotto},
  title     = {Topological photonics},
  journal   = {Rev. Mod. Phys.},
  year      = {2019},
  volume    = {91},
  number    = {1},
  month     = {mar},
  pages     = {015006},
  doi       = {10.1103/revmodphys.91.015006},
  url       = {https://journals.aps.org/rmp/abstract/10.1103/RevModPhys.91.015006},
  groups    = {������̬������},
  publisher = {American Physical Society ({APS})},
}

@Article{Hubbard_PRSA1963,
  author    = {J. Hubbard},
  title     = {Electron correlations in narrow energy bands},
  journal   = {Proc. R. Soc. A},
  year      = {1963},
  volume    = {276},
  number    = {1365},
  month     = {nov},
  pages     = {238--257},
  doi       = {10.1098/rspa.1963.0204},
  url       = {https://royalsocietypublishing.org/doi/abs/10.1098/rspa.1963.0204},
  groups    = {�����ļ�},
  publisher = {The Royal Society},
}

@Article{Bethe_ZAP1931,
  author    = {H. Bethe},
  title     = {Zur Theorie der Metalle},
  journal   = {Z. Angew. Phys.},
  year      = {1931},
  volume    = {71},
  number    = {3-4},
  month     = {mar},
  pages     = {205--226},
  doi       = {10.1007/bf01341708},
  url       = {https://link.springer.com/article/10.1007%2FBF01341708},
  groups    = {�����ļ�},
  publisher = {Springer Science and Business Media {LLC}},
}

@Book{Essler_B2005,
  author    = {Fabian H. L. Essler and Holger Frahm and Frank Gohmann and Andreas Kl��mper and Vladimir E. Korepin},
  title     = {The One-Dimensional Hubbard Model},
  year      = {2005},
  publisher = {Cambridge University Press},
  doi       = {10.1017/cbo9780511534843},
  url       = {https://www.cambridge.org/core/books/onedimensional-hubbard-model/7F70AFCF477126DD8C9C9D1310910E5A},
  groups    = {�����ļ�},
}

@Article{Gu_NJP2019,
  author    = {Zhao-Long Gu and Kai Li and Jian-Xin Li},
  title     = {Quantum cluster approach to the topological invariants in correlated Chern insulators},
  journal   = {New J. Phys.},
  year      = {2019},
  volume    = {21},
  month     = {jun},
  pages     = {073016},
  doi       = {10.1088/1367-2630/ab2a97},
  url       = {https://iopscience.iop.org/article/10.1088/1367-2630/ab2a97},
  groups    = {�ҵ�����},
  publisher = {{IOP} Publishing},
}

@Article{Leykam_APX2018,
  author    = {Daniel Leykam and Alexei Andreanov and Sergej Flach},
  title     = {Artificial flat band systems: from lattice models to experiments},
  journal   = {Adv. Phys. X},
  year      = {2018},
  volume    = {3},
  number    = {1},
  month     = {jan},
  pages     = {1473052},
  doi       = {10.1080/23746149.2018.1473052},
  url       = {https://www.tandfonline.com/doi/full/10.1080/23746149.2018.1473052},
  groups    = {Ѳ��������},
  publisher = {Informa {UK} Limited},
}

@Article{Kanamori_PTP1963,
  author    = {Junjiro Kanamori},
  title     = {Electron Correlation and Ferromagnetism of Transition Metals},
  journal   = {Prog. Theor. Phys.},
  year      = {1963},
  volume    = {30},
  number    = {3},
  month     = {sep},
  pages     = {275--289},
  doi       = {10.1143/ptp.30.275},
  url       = {https://academic.oup.com/ptp/article/30/3/275/1865799},
  groups    = {Ѳ��������},
  publisher = {Oxford University Press ({OUP})},
}

@Article{Nagaoka_PR1966,
  author    = {Yosuke Nagaoka},
  title     = {Ferromagnetism in a Narrow, Almost Half-Filled s Band},
  journal   = {Phys. Rev.},
  year      = {1966},
  volume    = {147},
  number    = {1},
  month     = {jul},
  pages     = {392--405},
  doi       = {10.1103/physrev.147.392},
  url       = {https://journals.aps.org/pr/abstract/10.1103/PhysRev.147.392},
  groups    = {Ѳ��������},
  publisher = {American Physical Society ({APS})},
}

@Article{Lieb_PRL1989,
  author    = {Elliott H. Lieb},
  title     = {Two theorems on the Hubbard model},
  journal   = {Phys. Rev. Lett.},
  year      = {1989},
  volume    = {62},
  number    = {10},
  month     = {mar},
  pages     = {1201--1204},
  doi       = {10.1103/physrevlett.62.1201},
  url       = {https://journals.aps.org/prl/abstract/10.1103/PhysRevLett.62.1201},
  groups    = {Ѳ��������},
  publisher = {American Physical Society ({APS})},
}

@Article{Sun_PRL2011,
  author    = {Kai Sun and Zhengcheng Gu and Hosho Katsura and S. Das Sarma},
  title     = {Nearly Flatbands with Nontrivial Topology},
  journal   = {Phys. Rev. Lett.},
  year      = {2011},
  volume    = {106},
  number    = {23},
  month     = {jun},
  pages     = {236803},
  doi       = {10.1103/physrevlett.106.236803},
  url       = {https://journals.aps.org/prl/abstract/10.1103/PhysRevLett.106.236803},
  groups    = {������̬�������¾�Ե��},
  publisher = {American Physical Society ({APS})},
}

@Article{Wang_PRB2011,
  author    = {Fa Wang and Ying Ran},
  title     = {Nearly flat band with Chern {numberC}=2on the dice lattice},
  journal   = {Phys. Rev. B},
  year      = {2011},
  volume    = {84},
  number    = {24},
  month     = {dec},
  pages     = {241103},
  doi       = {10.1103/physrevb.84.241103},
  url       = {https://journals.aps.org/prb/abstract/10.1103/PhysRevB.84.241103},
  groups    = {������̬�������¾�Ե��},
  publisher = {American Physical Society ({APS})},
}

@Comment{jabref-meta: databaseType:biblatex;}

@Comment{jabref-meta: grouping:
0 AllEntriesGroup:;
1 StaticGroup:�ҵ�����\;0\;1\;\;\;\;;
1 StaticGroup:��ѧ\;0\;1\;\;\;\;;
1 StaticGroup:ʯīϩ\;0\;1\;\;\;\;;
1 StaticGroup:Ѳ��������\;0\;1\;0xff0000ff\;\;\;;
1 StaticGroup:���³���\;0\;1\;\;\;\;;
1 StaticGroup:����Һ��\;0\;1\;\;\;\;;
1 StaticGroup:������̬������\;0\;1\;\;\;\;;
1 StaticGroup:������̬������ͳ��\;0\;1\;\;\;\;;
1 StaticGroup:������̬��������\;0\;1\;\;\;\;;
1 StaticGroup:������̬���Գ��Ա�����������\;0\;1\;\;\;\;;
1 StaticGroup:������̬���¾�Ե��\;0\;1\;\;\;\;;
1 StaticGroup:������̬�����˾�Ե��\;0\;1\;\;\;\;;
1 StaticGroup:������̬�����˳�����\;0\;1\;\;\;\;;
1 StaticGroup:������̬�����˲�����\;0\;1\;\;\;\;;
1 StaticGroup:������̬�����˴�����\;0\;1\;\;\;\;;
1 StaticGroup:������̬���������ӻ���ЧӦ\;0\;1\;\;\;\;;
1 StaticGroup:������̬���������ӻ���ЧӦ\;0\;1\;\;\;\;;
1 StaticGroup:������̬�������¾�Ե��\;0\;1\;\;\;\;;
1 StaticGroup:������̬�����˰���ɭ��Ե��\;0\;1\;\;\;\;;
1 StaticGroup:������̬�����˰����\;0\;1\;\;\;\;;
1 StaticGroup:������̬������������\;0\;1\;\;\;\;;
1 StaticGroup:������̬��һά��ϵ\;0\;1\;\;\;\;;
1 StaticGroup:������̬������\;0\;1\;\;\;\;;
1 StaticGroup:���㷽��������\;0\;1\;0x008000ff\;\;\;;
1 StaticGroup:���㷽�����ϸ�Խǻ�\;0\;1\;\;\;\;;
1 StaticGroup:���㷽�������Ӽ��ŷ���\;0\;1\;\;\;\;;
1 StaticGroup:�����ļ�\;0\;1\;0x000000ff\;\;\;;
}
